2578 3373
1005 263 1191 268 ———-—-
1274 236 1304 280 7

199 357 354 399 tionem
375 355 660 410 intellexerint,
692 363 843 398 tantam
863 370 1000 398 rerum
1021 357 1256 398 varietatem
1278 364 1399 414 atque
1422 354 1697 396 diversitatem
1719 366 1769 393 ex
1790 366 1870 393 uno
1893 353 1973 393 deo
1995 353 2196 410 pendere,
2218 354 2287 410 qui
2307 367 2383 410 pro

199 438 356 464 summa
376 438 449 464 sua
469 424 509 463 in
533 424 711 464 omnibus
734 425 855 463 rebus
877 421 1128 475 perfectione
1149 437 1297 477 regere
1326 437 1416 463 eam
1446 422 1555 462 solus
1584 420 1723 474 possit.
1757 418 1847 473 (Cf.
1869 421 1923 460 E.
1946 421 2001 460 R.
2024 421 2191 473 Lange,
2223 421 2385 461 Emes-

198 491 298 544 ἠως
329 491 373 529 in
404 486 482 529 das
502 487 687 530 Studium
708 487 783 529 der
803 486 1082 541 griechischen
1104 487 1367 541 Mythologe'e.
1400 486 1546 529 Berlin
1574 485 1708 527 1825.
1737 498 1837 538 pag.
1863 484 1918 525 31
1945 484 2057 542 sqq.)
2102 485 2224 540 Atqui
2247 492 2384 527 aetate

199 553 422 594 Homerica
443 566 495 592 ne
516 552 736 595 secundum
758 551 921 607 quidem
942 550 1115 606 gradum
1136 550 1412 606 perfecerant,
1445 563 1687 607 quamquam
1720 547 1858 589 facere
1879 549 2122 604 inceperant.
2156 550 2244 590 Etsi
2276 550 2382 590 enim

198 631 315 659 suum
343 618 488 672 cuique
514 632 656 658 munus
686 616 836 657 numini
866 616 1064 670 assignari
1093 624 1280 670 coeptum
1313 623 1392 668 est,
1434 624 1568 657 tamen
1610 621 1705 669 post
1742 614 1849 654 illam
1889 614 2050 655 demum
2087 622 2259 655 aetatem
2291 622 2381 656 arte

200 681 374 737 quadam
396 688 436 722 et
457 681 588 722 stabili
610 681 767 721 ratione
788 679 831 720 id
853 677 1015 720 factum.

1165 811 1227 865 O.
1264 811 1421 865 VIII.

322 932 470 973 Fatum
501 937 634 971 autem
668 930 701 970 si
732 929 800 985 qui
837 929 1018 970 homines
1055 928 1273 982 coluerint,
1305 930 1357 971 ad
1395 946 1526 971 mores
1566 945 1661 971 suos
1700 928 1932 970 formandos
1970 930 2117 971 nullum
2153 932 2378 985 percipient

198 995 370 1040 fructum
393 1002 556 1051 praeter
578 1009 742 1037 caecam
764 994 882 1036 animi
905 994 1196 1046 obedientiam,
1229 1009 1331 1050 quae
1352 1002 1436 1037 tum
1458 995 1618 1037 demum
1640 995 1745 1036 utilis
1768 995 1864 1047 erit,
1898 1010 2018 1050 quum
2041 990 2090 1036 ei(
2117 996 2200 1037 veri
2232 996 2373 1037 intelli-

198 1062 335 1118 gentia
360 1068 402 1101 et
423 1060 712 1101 exercitatione
733 1057 917 1114 profecta
939 1057 1071 1099 fuerit.
1105 1059 1250 1113 Neque
1273 1060 1313 1099 id
1336 1060 1375 1099 in
1397 1060 1574 1099 homines
1596 1060 1840 1099 Homericos
1863 1060 1979 1099 aliter
2006 1060 2085 1099 vim
2116 1074 2228 1099 suam
2257 1075 2373 1101 exer-

198 1127 329 1167 cuisse
352 1125 553 1174 videmus,
588 1125 674 1177 qui,
708 1125 865 1177 quoties
886 1122 958 1163 fati
980 1124 1188 1162 arbitrium
1217 1125 1365 1164 sentire
1394 1125 1466 1163 sibi
1496 1124 1703 1173 videntur,
1736 1124 1788 1163 ad
1816 1125 1932 1163 istam
1961 1124 2229 1164 obedientiam
2260 1126 2373 1178 quasi

196 1187 413 1245 refugiunt.
446 1187 530 1230 Sed
551 1187 672 1230 iidem
694 1201 788 1229 suos
816 1186 892 1229 sibi
915 1184 1001 1242 jam
1032 1184 1270 1229 effluxerant
1298 1186 1415 1239 deos,
1446 1202 1526 1229 non
1558 1186 1773 1229 admodum
1805 1187 2058 1230 artificiosos.
2091 1188 2185 1229 Non
2213 1203 2374 1243 semper

196 1255 301 1295 enim
330 1260 473 1293 natura
503 1266 685 1293 severum
714 1266 828 1291 suum
858 1251 1010 1291 vultum
1038 1251 1153 1306 quasi
1183 1251 1403 1292 hominibus
1434 1253 1613 1307 praebet.
1662 1253 1756 1292 Non
1787 1258 1991 1292 terrentur
2030 1266 2078 1292 ea
2109 1252 2258 1304 solum,
2300 1252 2373 1294 sed

195 1319 439 1367 alliciuntur,
470 1332 550 1356 non
580 1316 872 1370 impediuntur,
905 1316 979 1356 sed
1010 1315 1267 1369 adjuvantur,
1305 1331 1383 1355 non
1416 1318 1795 1356 circumscribuntur
1826 1317 1974 1366 solum,
2014 1317 2085 1356 sed
2117 1316 2372 1358 multifariam

194 1382 476 1424 nanciscuntur
503 1380 715 1422 licentiam.
756 1380 900 1435 Itaque
929 1380 1177 1435 incognitam
1205 1381 1421 1435 potentiam
1443 1380 1570 1433 illam,
1604 1381 1669 1422 cui
1698 1380 1816 1435 plane
1851 1378 2052 1434 subjectos
2084 1397 2128 1422 se
2160 1397 2249 1423 esse
2280 1396 2370 1423 sen-

194 1453 352 1498 serunt,
385 1459 505 1501 quum
526 1446 565 1485 in
588 1446 814 1500 propinquo
837 1445 967 1500 magis
989 1444 1141 1485 habere
1165 1445 1327 1498 vellent,
1358 1452 1547 1500 tanquam
1569 1445 1737 1485 hominis
1766 1443 1937 1485 formam
1966 1446 2085 1485 animi
2108 1446 2221 1501 quasi
2244 1446 2370 1487 oculis

195 1510 449 1564 objecerunt,
492 1510 601 1563 quod
631 1524 792 1548 suarum
822 1510 1036 1562 regionum
1073 1511 1314 1549 amoenitate
1346 1510 1398 1548 ad
1427 1510 1611 1549 subtilem
1643 1510 1799 1562 pulchri
1829 1524 1987 1548 sensum
2024 1510 2218 1566 paulatim-
2245 1511 2371 1550 erecti

193 1582 313 1630 atque
334 1574 520 1624 instituti,
553 1572 647 1613 nihil
669 1588 836 1628 usquam
864 1573 1000 1628 figura
1028 1572 1199 1613 humana
1220 1573 1421 1628 pulchrius
1443 1573 1639 1614 viderunt.
1673 1574 1821 1614 Fatum
1851 1588 1875 1613 a
1898 1580 2036 1613 natura
2057 1574 2180 1615 habet
2201 1575 2369 1615 austeri-

191 1646 334 1689 tatem,
356 1639 635 1689 severitatem,
657 1638 858 1692 rigorem,
881 1638 932 1677 ab
955 1638 1199 1678 humanitate
1220 1637 1326 1678 nihil.
1359 1638 1427 1678 Dii
1449 1652 1472 1677 a
1493 1645 1636 1677 natura
1656 1638 1861 1688 laetitiam,
1885 1639 2125 1689 comitatem,
2147 1639 2369 1693 agilitatem

191 1702 394 1757 plerique,
428 1702 477 1741 ab
499 1700 723 1741 hominibus
757 1700 958 1755 quandam
982 1702 1245 1742 vitiositatem.
1278 1702 1385 1742 Fato
1408 1702 1598 1752 extremi,
1630 1709 1675 1741 ut
1695 1702 1751 1742 ita
1774 1701 1927 1752 dicam,
1959 1703 2083 1742 omnis
2113 1702 2368 1743 humanitatis

191 1768 292 1807 fines
325 1766 636 1806 constituuntur:
669 1772 713 1805 ut
734 1765 774 1805 hi
796 1766 992 1806 immutati
1013 1772 1220 1816 maneant,
1254 1772 1393 1806 cetera
1424 1779 1505 1805 non
1535 1765 1751 1818 admodum
1782 1772 1991 1815 curantur;
2023 1765 2147 1806 fatum
2177 1780 2258 1806 non
2287 1767 2365 1806 vir-

191 1837 318 1871 tutem
338 1829 525 1883 postulat,
546 1828 619 1868 sed
642 1830 891 1883 obsequium,
914 1844 1080 1870 caecam
1102 1830 1383 1870 obedientiam.
1415 1829 1484 1869 Dii
1506 1830 1609 1869 intra
1630 1830 1730 1870 fines
1752 1844 1776 1868 a
1798 1828 1881 1870 fato
1904 1831 2136 1870 constitutos
2156 1831 2366 1884 imperium

191 1894 359 1945 habent,
400 1893 520 1934 iidem
550 1897 749 1945 θέμιστας
786 1901 1087 1947 proposuerunt
1116 1894 1162 1936 Il.
1195 1895 1270 1936 lx.
1310 1894 1369 1936 98
1399 1894 1667 1948 virtutemque
1704 1893 1821 1948 primi
1852 1894 2168 1948 postulaverunt,
2209 1903 2254 1936 ut
2284 1909 2366 1935 non

192 1960 335 1999 mirum
368 1958 568 2009 videatur,
602 1957 710 2012 quod
733 1957 919 1998 divinitus
951 1958 1156 1999 hominum
1187 1965 1228 1999 et
1256 1959 1432 1998 imminui
1466 1958 1652 1999 virtutem
1683 1965 1724 1998 et
1753 1959 1894 2015 augeri
1928 1958 1979 1999 ad
2009 1960 2213 1999 arbitrium
2244 1973 2366 2014 posse

192 2025 237 2064 Il.
259 2024 352 2063 XX.
378 2026 466 2062 242
490 2024 686 2062 sententia
716 2030 788 2061 est.
828 2024 977 2062 Fatum
1007 2032 1216 2063 aeternum
1248 2031 1330 2073 est,
1363 2024 1419 2062 dii
1449 2031 1540 2062 sunt
1568 2024 1832 2073 immortales;
1866 2039 1957 2063 nam
1986 2025 2026 2063 hi
2055 2039 2164 2063 suam
2195 2025 2366 2078 quisque

190 2088 388 2143 originem
410 2087 557 2127 habent
577 2086 622 2127 Il.
644 2086 752 2127 XIV.
778 2087 883 2128 204.
904 2087 1016 2129 VIII.
1041 2089 1147 2129 479.
1183 2087 1304 2134 Quod
1326 2095 1461 2128 autem
1482 2087 1594 2128 multi
1615 2095 1707 2128 sunt
1729 2088 1802 2139 dii,
1835 2088 1876 2128 id
1906 2104 1994 2129 esse
2023 2104 2101 2129 non
2130 2089 2185 2129 ita
2214 2086 2365 2129 factum

189 2152 366 2205 videtur,
398 2158 442 2194 ut
461 2150 642 2208 singulae
662 2157 829 2193 naturae
851 2151 956 2193 vires
978 2151 1151 2194 humana
1172 2152 1308 2208 specie
1330 2152 1444 2208 quasi
1465 2151 1737 2195 induerentur.
1773 2153 1962 2200 Quamvis
1985 2153 2088 2195 enim
2106 2153 2364 2205 divinitatem,

190 2231 241 2257 ex
261 2218 383 2271 ipsius
405 2224 570 2256 naturae
592 2216 927 2269 contemplatione
954 2218 1127 2257 maxime
1156 2218 1342 2271 petitam,
1375 2218 1547 2256 humana
1576 2231 1695 2272 quam
1723 2218 1800 2256 alia
1829 2219 1965 2273 specie
1995 2218 2161 2258 induere
2192 2218 2365 2269 mallent,

189 2297 271 2322 non
291 2289 425 2321 tamen
448 2281 621 2339 singulas
643 2288 810 2320 naturae
833 2281 937 2320 vires
958 2289 1004 2320 ut
1025 2282 1205 2335 singulos
1229 2282 1329 2321 deos
1360 2283 1599 2322 coluerunt·
1621 2283 1717 2321 Sine
1748 2284 1855 2322 omni
1889 2283 2009 2322 dubio
2040 2285 2090 2322 ab
2121 2284 2365 2325 humanitate

189 2345 278 2402 plus
300 2344 448 2387 habent
470 2344 525 2387 dii
546 2343 773 2396 Homerici,
797 2350 915 2400 quam
937 2358 962 2385 a
982 2351 1139 2397 natura,
1162 2360 1403 2402 quamquam
1425 2360 1516 2388 cum
1538 2346 1614 2388 hac
1635 2353 1777 2402 aperta
1799 2346 1994 2402 quaedam
2011 2354 2072 2389 est
2089 2347 2364 2389 communitas.

188 2410 378 2450 Nonnulli
400 2410 561 2463 quidem
583 2409 801 2449 istiusmodi
824 2408 919 2463 quid
940 2410 980 2447 in
1002 2411 1175 2449 Homeri
1198 2412 1439 2450 carminibus
1460 2412 1535 2450 sibi
1557 2412 1737 2465 reperire
1759 2412 1831 2450 visi
1853 2419 1963 2462 sunt,
1986 2412 2057 2450 sed
2078 2424 2220 2464 pamm
2236 2418 2362 2462 recte,

188 2481 234 2515 ut
255 2475 410 2528 opinor.
443 2474 602 2528 Jupiter
630 2473 835 2523 videlicet,
868 2473 1092 2527 Neptunus,
1125 2474 1341 2526 Vulcanus,
1374 2476 1496 2526 Mars,
1529 2475 1688 2529 Apollo,
1720 2475 1956 2525 Mercurius,
1988 2475 2181 2526 Minerva,
2214 2476 2360 2526 Venus,

188 2538 350 2594 reliqui,
392 2552 503 2578 suam
533 2538 701 2593 quisque
729 2537 973 2592 provinciam
1000 2537 1156 2578 ⁴habent
1196 2539 1348 2591 sortiti,
1381 2554 1457 2580 nec
1496 2554 1570 2580 eae
1607 2540 1836 2593 provinciae
1872 2538 2002 2593 aliqua
2037 2546 2154 2592 parte
2194 2547 2359 2580 naturae

189 2604 369 2644 confines
399 2616 480 2642 non
509 2609 611 2643 sunt.
659 2602 716 2644 Ut
744 2601 849 2641 omni
879 2601 995 2642 coelo
1034 2600 1200 2657 ejusque
1238 2603 1573 2644 vicissitudinibus
1604 2603 1763 2658 Jupiter
1789 2610 1969 2657 praeest,
2002 2603 2215 2659 Neptunus
2245 2603 2358 2655 mari,

187 2666 324 2708 inferis
345 2668 486 2719 Pluto,
518 2667 667 2707 Aeolus
689 2668 825 2708 ventis.
859 2665 923 2707 Cf.
944 2667 1090 2721 Lange
1119 2667 1144 2706 l.
1167 2667 1191 2706 l.
1214 2683 1310 2722 pag.
1338 2671 1439 2708 107.
1479 2669 1628 2707 Verum
1658 2668 1889 2721 ceteroquin
1918 2668 1959 2707 hi
1989 2668 2044 2707 dii
2074 2684 2165 2708 cum
2195 2669 2358 2722 reliquis

186 2730 407 2775 secundum
428 2731 597 2775 hominis
619 2731 833 2789 imaginem
855 2738 975 2787 atque
997 2730 1222 2787 exemplum
1244 2730 1368 2774 efficti
1390 2738 1493 2783 sunt,
1516 2729 1602 2787 ejus
1625 2732 1887 2787 qualicunque
1903 2740 2038 2775 mente
2056 2741 2175 2788 atque
2192 2733 2359 2789 ingenio

186 2799 411 2854 procreati,
443 2797 624 2839 instructi
654 2797 940 2849 voluntatibus,
982 2796 1288 2852 cupiditatibus,
1326 2797 1501 2852 propriis
1528 2798 1715 2837 moribus.
1758 2796 1843 2838 Sed
1875 2798 1985 2852 quod
2014 2799 2124 2838 multi
2163 2805 2256 2839 sunt
2289 2799 2359 2851 dii,

186 2861 273 2917 ejus
294 2863 354 2903 rei
375 2877 497 2903 causa
518 2864 558 2903 in
579 2876 629 2903 eo
652 2869 888 2917 quaeratur,
919 2862 1029 2917 quod
1051 2876 1188 2901 omnes
1212 2862 1386 2902 omnium
1406 2868 1633 2915 temporum
1661 2862 1841 2902 homines
1863 2862 1924 2913 id,
1958 2862 2066 2917 quod
2097 2863 2256 2904 ratione
2286 2878 2359 2905 sua

184 2927 369 2969 alicunde
390 2934 684 2983 conceperunt,
716 2928 858 2969 mentis
888 2942 1011 2982 opera
1042 2927 1097 2967 ita
1124 2925 1176 2966 ad
1205 2942 1250 2967 se
1280 2926 1441 2967 trahere
1469 2941 1664 2980 suumque
1695 2924 1831 2967 facere
1864 2928 2047 2981 cupiunt,
2079 2936 2126 2969 ut
2154 2944 2204 2969 ex
2237 2931 2359 2970 rebus
