2578 3373
1242 277 1301 323 17

187 397 311 452 δόμεν
341 399 472 452 Πηλῆϊ
500 396 642 439 ἄνακτι
674 401 836 453 θνητῷ,
876 396 985 451 ὑμεῖς
1016 396 1057 438 δ’
1096 398 1219 439 ἐστὸν
1254 395 1384 453 ἇγῆρω
1416 394 1474 445 τ’,
1518 394 1714 437 ἀθανάτω
1749 396 1813 436 vs!
1851 393 1874 450 η’
1907 398 1979 437 ἵνα
2014 396 2247 451 δυστήνοισι
2280 396 2363 443 μετ’

186 461 387 519 ἀνδράσιν
407 460 506 514 ἄλγέ
536 462 699 517 ἒ’χητον,·
731 461 780 505 οὗ
808 467 884 515 μὲν
914 462 989 516 γὰρ
1020 466 1062 502 τί
1087 461 1170 503 πού
1201 462 1314 502 ἐστιν
1343 459 1604 516 ὀιζυρώτερον
1635 457 1779 514 ἀνδρὸς
1810 460 1998 511 πάντων,
2032 462 2139 503 ὅσσα
2170 479 2215 504 τε
2245 466 2365 514 γᾶιαν

183 527 254 568 ἔπι
282 531 414 568 πνείει
442 542 489 568 τε
517 533 584 567 καὶ
612 530 738 582 ἕρπει.
783 525 863 567 Od.
894 526 1046 567 XVIII.
1073 526 1161 566 130
1185 526 1322 566 Ulixes
1352 525 1638 579 Amphinomo:
1671 522 1790 565 οὐδὲν
1816 523 2070 580 ἀκιδνότερον
2099 534 2194 577 γαΐα
2223 531 2364 581 τρέφει

184 588 446 646 ἀνθρώποιο,
478 589 670 640 πάντων,
709 591 818 634 ὅσσα
847 606 892 632 τε
922 596 1043 642 γαῖαν
1080 589 1150 631 ἔπι
1186 593 1315 631 πνείει
1353 607 1397 631 τε
1426 595 1492 631 καὶ
1524 593 1664 643 ἕρπει,
1698 586 1745 630 οὗ
1774 593 1850 640 μὲν
1875 590 1948 643 γάρ
1979 594 2083 631 ποτέ
2111 606 2209 644 φησι
2239 592 2365 632 κακὸν

182 657 407 694 πείσεσθαι
429 652 611 704 ὀπίσσω,
645 652 737 712 ὄφρ’
761 652 906 710 ἇρετῆν
926 654 1137 708 παρέχωσι
1157 656 1251 693 θεοῖ
1271 657 1337 692 καὶ
1358 650 1516 705 γούνατ’
1549 650 1698 711 ὀρώρῃ·
1732 649 1817 691 ἀλλ’
1848 651 1915 694 ὅτε
1943 653 1990 708 δὴ
2019 658 2084 694 καὶ
2116 655 2239 711 λυγρὰ
2267 658 2363 697 θεοὶ

181 719 356 772 μάκαρες
377 722 617 767 τελέσωσιν,
649 727 720 759 καί
737 723 789 758 τὰ
811 724 925 772 φέρει
956 711 1217 768 ἀεκαζόμενος
1236 719 1413 769 τετληότι
1434 723 1565 771 θυμῷ.
1607 724 1715 762 τοῖος
1747 719 1820 770 γὰρ
1853 719 1943 763 νόος
1973 720 2087 759 ἐστὶν
2113 722 2362 769 ἐπιχθονίων

181 780 439 836 ἀνθρώπων,
473 783 561 825 οἷον
581 780 645 825 ἐπ’
668 780 773 837 ἦμαρ
797 780 915 839 ἄγῃσι
937 781 1071 835 πατὴρ
1093 778 1252 835 ἀνδρῶν
1272 796 1316 822 τε
1337 783 1446 823 θεῶν
1467 797 1522 822 τε.

310 846 395 887 Sed
424 852 470 888 ut
499 845 708 888 inferiores
740 846 815 887 diis
847 844 1038 886 mortales
1070 858 1160 886 esse
1190 844 1394 897 dicuntur,
1427 845 1485 887 sic
1512 845 1554 886 hi
1586 858 1636 886 eo
1668 844 1757 900 pari
1788 844 1893 885 inter
1921 859 1965 886 se
1998 844 2225 887 conditione
2258 854 2360 899 sunt,

187 911 296 964 quod
319 926 369 951 ex
391 918 563 965 utroque
585 913 733 951 summi.
748 910 1018 950 moderatoris
1041 909 1149 948 dolio
1172 924 1283 949 suam
1306 911 1471 964 quisque
1491 917 1650 963 partem
1672 916 1939 962 acceperunt,
1971 917 2015 949 ut
2043 923 2147 950 nunc
2170 912 2359 962 secunda,

181 988 287 1015 nunc
309 974 479 1015 adversa
500 973 660 1014 fortuna
681 980 903 1015 uterentur.
936 973 1046 1014 Hinc
1068 971 1216 1012 factum
1238 980 1322 1020 est,
1355 980 1398 1013 ut
1420 974 1477 1024 ei,
1510 973 1578 1027 qui
1600 973 1746 1027 insigni
1777 973 1909 1026 aliqua
1937 974 2159 1014 calamitate
2189 976 2358 1015 affectus

181 1040 391 1113 aequitatis
407 1038 500 1093 jure
521 1039 698 1093 privatus
721 1053 810 1079 esse
832 1038 907 1078 sibi
929 1036 1155 1088 videretur,
1183 1051 1262 1077 non
1283 1051 1408 1091 parvo
1440 1044 1547 1078 esset
1577 1037 1742 1087 solatio,
1774 1037 1969 1077 malorum
1999 1039 2129 1078 socios
2159 1039 2357 1090 habuisse,

182 1103 332 1158 quippe
354 1117 433 1158 qua
456 1104 651 1144 societate
668 1101 734 1157 jus
757 1102 853 1143 illud
875 1102 950 1142 sibi
973 1115 1064 1142 esse
1086 1102 1307 1142 restitutum
1331 1102 1576 1156 opinaretur.
1608 1100 1688 1142 Od.
1711 1102 1743 1141 Ι.
1769 1102 1860 1142 354
1885 1102 2149 1143 Telemachus
2179 1103 2237 1144 his
2266 1117 2356 1145 ver-

179 1167 239 1207 bis
261 1167 496 1221 Penelopen
520 1166 769 1207 consolatur:
802 1164 850 1206 οὖ
870 1166 945 1219 γὰρ
962 1163 1182 1211 Ὀδυσσεὺς
1210 1167 1291 1211 οἶος
1313 1164 1499 1206 ἀπώλεσε
1530 1164 1725 1217 νόστιμον
1754 1163 1859 1221 ἦμαρ
1890 1166 1935 1206 ἐν
1968 1168 2107 1225 Τροίη,
2140 1169 2283 1208 πολλοὶ
2312 1168 2357 1208 δὲ

176 1238 245 1271 καὶ
266 1230 382 1271 ἄλλοι
404 1236 534 1284 φῶτες
555 1230 697 1271 ὄλοντο
709 1262 725 1280 ,
749 1238 791 1270 et
808 1230 888 1269 Od.
907 1231 976 1269 IV.
1005 1231 1092 1269 199
1115 1231 1344 1269 Pisistratus
1364 1231 1613 1269 Menalaum:
1636 1236 1703 1269 καῑ
1725 1231 1800 1285 γὰρ
1823 1231 1917 1282 ἐμὸς
1938 1235 2127 1285 τέθνηκεν
2148 1231 2355 1286 ἀδελφεὸς,

178 1294 267 1338 οὔτι
295 1295 480 1343 κάκιστος
503 1294 702 1350 Ἀργείων.
745 1295 830 1336 Sed
860 1308 940 1349 quo
974 1295 1061 1349 quis
1091 1295 1313 1335 mortalium
1340 1294 1493 1349 majore
1526 1309 1661 1335 rerum
1690 1295 1887 1335 laetarum
1918 1297 2033 1349 copia
2062 1297 2181 1337 vitam
2211 1311 2355 1337 ornare

177 1360 328 1415 potuit,
361 1374 411 1400 eo
433 1360 598 1415 propius
621 1359 674 1400 ad
696 1359 796 1399 deos
818 1358 1013 1410 accessit,
1042 1358 1098 1399 ita
1120 1366 1163 1399 ut
1183 1360 1231 1399 ab
1247 1359 1348 1412 ‘ipsis
1370 1360 1418 1399 iis
1441 1366 1606 1399 ornatus
1630 1366 1867 1413 amatusque
1888 1367 2109 1400 vocaretur.
2142 1361 2210 1401 Sic
2233 1375 2355 1415 reges

178 1424 354 1464 omnium
382 1424 609 1464 mortalium
635 1423 836 1477 principes
869 1422 1092 1476 διοτρεφεῖς
1132 1437 1356 1477 cognomen
1384 1428 1605 1463 traxerunt.
1657 1422 1735 1462 His
1771 1422 1836 1463 vel
1876 1422 2024 1474 minus,
2063 1439 2181 1478 quam
2210 1424 2354 1465 ceteris

177 1487 401 1532 hominibus
429 1487 650 1529 timendum
678 1485 772 1537 fuit,
805 1502 857 1528 ne
887 1487 1004 1541 gravi
1039 1486 1170 1542 aliquo
1197 1502 1292 1528 casu
1325 1494 1616 1541 premerentur.
1660 1488 1921 1542 Quapropter
1949 1488 2156 1539 Philoetii,
2197 1490 2355 1529 Ulixem

177 1553 245 1593 ubi
267 1553 445 1609 graviter
466 1551 661 1593 afflictum
682 1551 801 1604 vidit,
833 1551 935 1592 haec
957 1551 1080 1592 verba
1101 1558 1189 1592 sunt
1210 1551 1289 1592 Od.
1311 1551 1404 1593 XX.
1432 1552 1543 1593 194:
1577 1549 1796 1606 δύσμοροςὶ
1829 1549 1898 1605 ἦτε
1920 1551 2019 1594 ἔοικε
2049 1552 2171 1605 δέμας
2197 1554 2357 1607 βασιλῆϊ

176 1615 332 1656 ἄνακτι.
389 1615 490 1655 ἀλλὰ
518 1621 613 1656 θεοὶ
650 1616 801 1655 δυόωσι
829 1615 1154 1663 πολυπλάγκτους
1184 1614 1449 1666 ἀνθρώπους,
1492 1614 1651 1654 ὁππότε
1688 1622 1755 1654 καὶ
1796 1618 2028 1664 βασιλεῦσιν
2062 1618 2354 1655 ἐπικλώσονται

176 1675 299 1729 ὀϊζύν.
350 1678 415 1721 Ea
443 1678 586 1731 etiam,
628 1693 732 1734 quae
762 1693 842 1721 non
875 1677 953 1720 sint
982 1677 1211 1730 animantia,
1245 1676 1438 1734 distingui
1467 1677 1713 1730 nominibus,
1754 1693 1859 1734 quae
1892 1694 1917 1720 a
1952 1678 2025 1720 diis
2058 1680 2229 1734 repetita
2266 1680 2354 1732 sint,

176 1757 294 1783 nemo
324 1744 464 1783 nescit.
507 1743 664 1790 Quodsi
693 1744 781 1801 quis
813 1742 1015 1782 affirmare
1045 1743 1155 1796 velit,
1194 1743 1374 1782 homines
1405 1743 1651 1782 Homericos
1682 1743 1721 1782 in
1764 1756 1813 1783 eo
1847 1756 2038 1785 summam
2067 1743 2353 1800 perfectionem

176 1823 350 1862 ponere,
382 1817 427 1847 ut
449 1811 582 1853 omnia
604 1809 775 1847 deorum
796 1810 895 1847 fiant
916 1809 1075 1858 similia,
1107 1822 1185 1846 non
1205 1822 1372 1861 prorsus
1394 1809 1531 1860 inepte
1553 1807 1687 1847 faciat.
1722 1809 1808 1847 Sed
1829 1809 1870 1847 in
1891 1810 2118 1848 universum
2139 1810 2192 1849 de
2213 1817 2352 1849 natura

176 1871 348 1915 humana
368 1871 470 1915 haec
492 1888 583 1915 esse
604 1871 700 1914 satis
723 1871 832 1914 dicta
853 1871 1048 1914 videntur.

1134 2005 1196 2057 G.
1232 2005 1386 2056 XVI.

303 2127 368 2168 Ad
389 2140 524 2167 mores
553 2126 679 2181 igitur
707 2124 939 2182 formandos
971 2125 1224 2179 requiruntur
1252 2123 1403 2178 agendi
1434 2130 1476 2165 et
1504 2123 1591 2176 lex,
1626 2125 1691 2166 cui
1722 2126 2023 2180 obsequendum
2052 2127 2122 2177 sit,
2155 2133 2195 2167 et
2225 2125 2352 2167 libera

177 2189 370 2232 voluntas.
419 2191 624 2230 Summam
654 2198 789 2230 autem
819 2190 953 2244 legem
983 2188 1200 2244 quandam,
1233 2203 1352 2242 quam
1382 2188 1544 2242 agendo
1576 2197 1862 2243 sequerentur,
1904 2206 1951 2230 ex
1985 2205 2140 2245 quaque
2170 2190 2351 2245 singulae

176 2254 423 2308 singularum
445 2256 647 2296 actionum
668 2269 835 2294 normae
858 2261 898 2294 et
919 2253 1083 2308 regulae
1105 2260 1238 2292 mente
1269 2267 1319 2292 ac
1342 2251 1497 2305 judicio
1527 2261 1832 2306 repeterentur,
1865 2255 2023 2295 minime
2055 2256 2116 2294 isti
2145 2262 2350 2295 noverant.

177 2317 262 2360 Sed
283 2324 328 2363 ut
349 2318 404 2359 dii
425 2319 466 2359 in
487 2318 744 2360 moderandis
767 2319 886 2359 rebus
908 2317 1085 2358 humanis
1107 2317 1298 2371 aequitati
1320 2316 1578 2368 studuerunt,
1611 2318 1670 2358 sic
1692 2317 1873 2359 homines
1902 2326 2107 2374 acceptam
2137 2333 2160 2359 a
2188 2317 2349 2373 majori-

177 2384 253 2423 bus
276 2384 604 2423 consuetudinem
625 2396 700 2436 pro
723 2377 817 2437 lege
838 2383 1023 2422 habuisse
1044 2381 1239 2421 videntur.
1273 2382 1470 2420 Nimirum
1501 2382 1647 2435 singuli
1669 2382 1872 2433 homines,
1903 2398 2000 2423 suae
2032 2384 2195 2436 quisque
2226 2384 2351 2423 menti

178 2446 477 2502 quodammodo
501 2446 643 2498 diffisi,
674 2453 719 2487 ut
740 2446 992 2501 ingeniorum
1013 2444 1188 2486 nondum
1210 2445 1305 2485 satis
1329 2445 1577 2486 excultorum
1598 2453 1743 2486 natura
1765 2445 1862 2497 fert,
1895 2448 1986 2501 quin
2015 2447 2184 2500 quadam
2207 2447 2351 2488 inertia

177 2511 231 2553 ad
251 2510 440 2553 utendam
461 2517 636 2552 mentem
656 2509 879 2562 tardiores,
912 2523 991 2550 non
1012 2509 1133 2550 totius
1155 2508 1285 2550 solum
1306 2509 1448 2550 aetatis
1470 2523 1588 2561 suae,
1618 2509 1692 2551 sed
1715 2517 1889 2552 aetatum
1911 2511 2082 2551 omnium
2104 2510 2348 2553 anteceden-

173 2578 273 2617 tium
294 2577 458 2617 consilio
480 2590 529 2615 ac
550 2578 699 2615 viribus
720 2589 794 2628 pro
817 2577 919 2626 suis,
951 2582 995 2614 ut
1022 2576 1078 2614 ita
1100 2575 1252 2625 dicam,
1293 2582 1469 2614 utuntur.
1526 2576 1641 2619 Quae
1677 2584 1845 2630 utraque
1884 2589 1949 2615 res
1981 2577 2020 2615 in
2057 2576 2348 2616 consuetudine

174 2641 298 2693 inest,
346 2655 469 2697 quum
506 2640 653 2681 nostris
694 2638 854 2695 quidem
881 2638 1127 2694 temporibus
1159 2638 1311 2694 ingenii
1342 2638 1450 2680 cultu
1491 2639 1619 2693 magis
1650 2640 1829 2694 provecti
1866 2646 2019 2680 rectum
2057 2655 2138 2681 non
2175 2640 2349 2682 habeant

174 2703 336 2757 facere,
369 2704 479 2761 quod
500 2704 724 2759 aequalium
744 2702 806 2743 vel
827 2702 1024 2758 majorum
1045 2703 1334 2745 consuetudine
1356 2703 1639 2755 constituatur,
1672 2703 1744 2744 sed
1774 2701 1881 2758 quod
1916 2717 2007 2744 cum
2039 2704 2210 2759 pietatis
2243 2703 2349 2746 chri-

94 2804 100 2809 .
174 2771 327 2811 stianae
348 2770 443 2824 lege
463 2769 711 2823 praescribat
730 2769 844 2808 ratio.
877 2769 1005 2808 Suum
1026 2768 1099 2808 sibi
1121 2769 1291 2822 quisque
1312 2768 1461 2807 conscii
1482 2775 1574 2808 sunt
1594 2782 1675 2808 non
1696 2768 1900 2807 arbitrium
1921 2769 2049 2808 solum
2071 2769 2240 2819 habere,
2273 2769 2349 2810 sed

176 2832 326 2890 agendi
346 2830 597 2884 facultatem,
629 2845 705 2887 pro
727 2830 978 2873 facultatibus
1001 2829 1177 2873 officim
1198 2831 1371 2887 indeque
1401 2830 1648 2886 dignitatem.
1687 2830 1815 2871 Iidem
1846 2845 1988 2886 parum
2019 2839 2179 2884 curant,
2212 2839 2349 2876 utrum

171 2896 352 2940 facinora
390 2913 483 2940 cum
522 2897 720 2940 communi
751 2896 924 2937 omnium
956 2895 1247 2938 consuetudine
1279 2902 1524 2952 congruant,
1566 2911 1641 2936 nec
1671 2910 1742 2946 ne,
1776 2895 1992 2937 dummodo
2033 2912 2082 2937 ea
2124 2898 2348 2940 secundum

171 2962 363 3018 pietatem
382 2963 657 3019 rationemque
680 2975 771 3003 esse
793 2973 1030 3017 persuasum
1051 2960 1127 3002 sibi
1147 2960 1332 3004 habeant.
1366 2959 1706 3003 Consuetudinem
1729 2967 1840 3002 certe
1861 2974 1943 3002 non
1964 2960 2103 3003 colunt
2122 2962 2253 3019 ipsam
2274 2977 2348 3020 per

2032 3043 2056 3081 3
