<?xml version="1.0" encoding="UTF-8"?>
<!DOCTYPE html PUBLIC "-//W3C//DTD XHTML 1.0 Transitional//EN"
    "http://www.w3.org/TR/xhtml1/DTD/xhtml1-transitional.dtd">
<html xmlns="http://www.w3.org/1999/xhtml" xml:lang="en" lang="en">
 <head>
  <title>
</title>
<meta http-equiv="Content-Type" content="text/html;charset=utf-8" />
  <meta name='ocr-system' content='tesseract 3.04.00' />
  <meta name='ocr-capabilities' content='ocr_page ocr_carea ocr_par ocr_line ocrx_word'/>
</head>
<body>
  <div class='ocr_page' id='page_1' title='image "./4771399_0031.png"; bbox 0 0 2578 3373; ppageno 0'>
   <div class='ocr_carea' id='block_1_1' title="bbox 1252 275 1562 321">
    <p class='ocr_par' dir='ltr' id='par_1_1' title="bbox 1252 275 1562 321">
     <span class='ocr_line' id='line_1_1' title="bbox 1252 275 1562 321; baseline 0 -13"><span class='ocrx_word' id='word_1_1' title='bbox 1252 275 1562 321; x_wconf 76' lang='lat'><strong>23—-</strong></span> 
     </span>
    </p>
   </div>
   <div class='ocr_carea' id='block_1_2' title="bbox 1001 301 1188 308">
    <p class='ocr_par' dir='ltr' id='par_1_2' title="bbox 1001 301 1188 308">
     <span class='ocr_line' id='line_1_2' title="bbox 1001 301 1188 308; baseline 0 0"><span class='ocrx_word' id='word_1_2' title='bbox 1001 301 1188 308; x_wconf 95' lang='lat' dir='ltr'><strong> </strong></span> 
     </span>
    </p>
   </div>
   <div class='ocr_carea' id='block_1_3' title="bbox 186 393 2369 2183">
    <p class='ocr_par' dir='ltr' id='par_1_3' title="bbox 186 393 2369 2042">
     <span class='ocr_line' id='line_1_3' title="bbox 197 393 2367 451; baseline -0.001 -14"><span class='ocrx_word' id='word_1_3' title='bbox 197 397 274 437; x_wconf 72' lang='lat' dir='ltr'><strong>ista</strong></span> <span class='ocrx_word' id='word_1_4' title='bbox 295 396 529 451; x_wconf 80' lang='lat' dir='ltr'><strong>provocatio</strong></span> <span class='ocrx_word' id='word_1_5' title='bbox 554 410 644 435; x_wconf 88' lang='lat' dir='ltr'><strong>curn</strong></span> <span class='ocrx_word' id='word_1_6' title='bbox 665 396 861 436; x_wconf 90' lang='lat' dir='ltr'><strong>modestia</strong></span> <span class='ocrx_word' id='word_1_7' title='bbox 879 401 951 436; x_wconf 90' lang='lat' dir='ltr'><strong>est.</strong></span> <span class='ocrx_word' id='word_1_8' title='bbox 985 395 1132 449; x_wconf 84' lang='lat' dir='ltr'><strong>Neque</strong></span> <span class='ocrx_word' id='word_1_9' title='bbox 1147 395 1250 435; x_wconf 91' lang='lat' dir='ltr'><strong>inter</strong></span> <span class='ocrx_word' id='word_1_10' title='bbox 1271 395 1448 437; x_wconf 88' lang='lat' dir='ltr'><strong>homines</strong></span> <span class='ocrx_word' id='word_1_11' title='bbox 1471 397 1579 450; x_wconf 88' lang='lat' dir='ltr'><strong>ipsos</strong></span> <span class='ocrx_word' id='word_1_12' title='bbox 1596 394 1719 435; x_wconf 90' lang='lat' dir='ltr'><strong>ullum</strong></span> <span class='ocrx_word' id='word_1_13' title='bbox 1738 401 1799 434; x_wconf 92' lang='lat' dir='ltr'><strong>est</strong></span> <span class='ocrx_word' id='word_1_14' title='bbox 1816 393 2005 445; x_wconf 86' lang='lat' dir='ltr'><strong>officium,</strong></span> <span class='ocrx_word' id='word_1_15' title='bbox 2028 394 2106 434; x_wconf 88' lang='lat' dir='ltr'><strong>ulla</strong></span> <span class='ocrx_word' id='word_1_16' title='bbox 2125 393 2367 449; x_wconf 88' lang='lat' dir='ltr'><strong>conjunctio,</strong></span> 
     </span>
     <span class='ocr_line' id='line_1_4' title="bbox 196 459 2369 516; baseline -0 -14"><span class='ocrx_word' id='word_1_17' title='bbox 196 462 271 502; x_wconf 91' lang='lat' dir='ltr'><strong>nisi</strong></span> <span class='ocrx_word' id='word_1_18' title='bbox 293 476 397 516; x_wconf 92' lang='lat' dir='ltr'><strong>quae</strong></span> <span class='ocrx_word' id='word_1_19' title='bbox 420 460 592 502; x_wconf 82' lang='lat' dir='ltr'><strong>efficitur</strong></span> <span class='ocrx_word' id='word_1_20' title='bbox 613 461 780 502; x_wconf 89' lang='lat' dir='ltr'><strong>utilitate</strong></span> <span class='ocrx_word' id='word_1_21' title='bbox 802 461 955 515; x_wconf 82' lang='lat' dir='ltr'><strong>aliqua,</strong></span> <span class='ocrx_word' id='word_1_22' title='bbox 989 466 1058 500; x_wconf 92' lang='lat' dir='ltr'><strong>aut</strong></span> <span class='ocrx_word' id='word_1_23' title='bbox 1078 459 1256 501; x_wconf 79' lang='lat' dir='ltr'><strong>utilitatis</strong></span> <span class='ocrx_word' id='word_1_24' title='bbox 1279 476 1348 515; x_wconf 91' lang='lat' dir='ltr'><strong>spe</strong></span> <span class='ocrx_word' id='word_1_25' title='bbox 1378 468 1418 502; x_wconf 87' lang='lat' dir='ltr'><strong>et</strong></span> <span class='ocrx_word' id='word_1_26' title='bbox 1441 460 1753 516; x_wconf 84' lang='lat' dir='ltr'><strong>exspectatione.</strong></span> <span class='ocrx_word' id='word_1_27' title='bbox 1796 460 1891 500; x_wconf 87' lang='lat' dir='ltr'><strong>Cari</strong></span> <span class='ocrx_word' id='word_1_28' title='bbox 1923 468 2012 500; x_wconf 92' lang='lat' dir='ltr'><strong>sunt</strong></span> <span class='ocrx_word' id='word_1_29' title='bbox 2040 469 2250 514; x_wconf 90' lang='lat' dir='ltr'><strong>parentes,</strong></span> <span class='ocrx_word' id='word_1_30' title='bbox 2284 462 2369 501; x_wconf 86' lang='lat' dir='ltr'><strong>cari</strong></span> 
     </span>
     <span class='ocr_line' id='line_1_5' title="bbox 195 523 2368 581; baseline -0 -15"><span class='ocrx_word' id='word_1_31' title='bbox 195 525 333 576; x_wconf 89' lang='lat' dir='ltr'><strong>liberi,</strong></span> <span class='ocrx_word' id='word_1_32' title='bbox 367 526 450 565; x_wconf 83' lang='lat' dir='ltr'><strong>cari</strong></span> <span class='ocrx_word' id='word_1_33' title='bbox 472 525 681 579; x_wconf 89' lang='lat' dir='ltr'><strong>propinqui</strong></span> <span class='ocrx_word' id='word_1_34' title='bbox 704 540 840 566; x_wconf 91' lang='lat' dir='ltr'><strong>omnes</strong></span> <span class='ocrx_word' id='word_1_35' title='bbox 873 532 915 565; x_wconf 90' lang='lat' dir='ltr'><strong>et</strong></span> <span class='ocrx_word' id='word_1_36' title='bbox 946 524 1084 575; x_wconf 87' lang='lat' dir='ltr'><strong>amici,</strong></span> <span class='ocrx_word' id='word_1_37' title='bbox 1117 538 1217 577; x_wconf 90' lang='lat' dir='ltr'><strong>quos</strong></span> <span class='ocrx_word' id='word_1_38' title='bbox 1247 525 1348 565; x_wconf 88' lang='lat' dir='ltr'><strong>inter</strong></span> <span class='ocrx_word' id='word_1_39' title='bbox 1379 540 1427 566; x_wconf 91' lang='lat' dir='ltr'><strong>ea</strong></span> <span class='ocrx_word' id='word_1_40' title='bbox 1457 527 1559 566; x_wconf 88' lang='lat' dir='ltr'><strong>ratio</strong></span> <span class='ocrx_word' id='word_1_41' title='bbox 1589 523 1825 574; x_wconf 85' lang='lat' dir='ltr'><strong>intercedit,</strong></span> <span class='ocrx_word' id='word_1_42' title='bbox 1857 531 1900 564; x_wconf 93' lang='lat' dir='ltr'><strong>ut</strong></span> <span class='ocrx_word' id='word_1_43' title='bbox 1926 532 2122 578; x_wconf 84' lang='lat' dir='ltr'><strong>perpetuo</strong></span> <span class='ocrx_word' id='word_1_44' title='bbox 2144 525 2368 581; x_wconf 48' lang='lat' dir='ltr'><strong>{utilitatum</strong></span> 
     </span>
     <span class='ocr_line' id='line_1_6' title="bbox 194 586 2367 644; baseline 0 -14"><span class='ocrx_word' id='word_1_45' title='bbox 194 587 502 643; x_wconf 82' lang='lat' dir='ltr'><strong>officiorumque</strong></span> <span class='ocrx_word' id='word_1_46' title='bbox 526 590 636 644; x_wconf 91' lang='lat' dir='ltr'><strong>quasi</strong></span> <span class='ocrx_word' id='word_1_47' title='bbox 659 589 901 630; x_wconf 90' lang='lat' dir='ltr'><strong>commercio</strong></span> <span class='ocrx_word' id='word_1_48' title='bbox 924 589 1029 629; x_wconf 88' lang='lat' dir='ltr'><strong>inter</strong></span> <span class='ocrx_word' id='word_1_49' title='bbox 1050 602 1095 628; x_wconf 87' lang='lat' dir='ltr'><strong>se</strong></span> <span class='ocrx_word' id='word_1_50' title='bbox 1118 586 1420 643; x_wconf 85' lang='lat' dir='ltr'><strong>conjungantur.</strong></span> <span class='ocrx_word' id='word_1_51' title='bbox 1455 590 1560 635; x_wconf 86' lang='lat' dir='ltr'><strong>Quin</strong></span> <span class='ocrx_word' id='word_1_52' title='bbox 1583 588 1873 629; x_wconf 90' lang='lat' dir='ltr'><strong>sanctissimum</strong></span> <span class='ocrx_word' id='word_1_53' title='bbox 1890 588 2049 643; x_wconf 88' lang='lat' dir='ltr'><strong>hospitii</strong></span> <span class='ocrx_word' id='word_1_54' title='bbox 2065 588 2153 643; x_wconf 89' lang='lat' dir='ltr'><strong>jus,</strong></span> <span class='ocrx_word' id='word_1_55' title='bbox 2175 589 2367 630; x_wconf 83' lang='lat' dir='ltr'><strong>laudabili</strong></span> 
     </span>
     <span class='ocr_line' id='line_1_7' title="bbox 196 652 2363 709; baseline 0 -14"><span class='ocrx_word' id='word_1_56' title='bbox 196 653 494 695; x_wconf 84' lang='lat' dir='ltr'><strong>consuetudinis</strong></span> <span class='ocrx_word' id='word_1_57' title='bbox 516 653 610 709; x_wconf 90' lang='lat' dir='ltr'><strong>lege</strong></span> <span class='ocrx_word' id='word_1_58' title='bbox 633 655 909 705; x_wconf 90' lang='lat' dir='ltr'><strong>constitutum,</strong></span> <span class='ocrx_word' id='word_1_59' title='bbox 943 652 1122 708; x_wconf 82' lang='lat' dir='ltr'><strong>quamvis</strong></span> <span class='ocrx_word' id='word_1_60' title='bbox 1146 652 1384 694; x_wconf 89' lang='lat' dir='ltr'><strong>documento</strong></span> <span class='ocrx_word' id='word_1_61' title='bbox 1415 668 1503 694; x_wconf 90' lang='lat' dir='ltr'><strong>esse</strong></span> <span class='ocrx_word' id='word_1_62' title='bbox 1536 653 1741 704; x_wconf 67' lang='lat' dir='ltr'><strong>videatur,</strong></span> <span class='ocrx_word' id='word_1_63' title='bbox 1774 666 1854 692; x_wconf 93' lang='lat' dir='ltr'><strong>non</strong></span> <span class='ocrx_word' id='word_1_64' title='bbox 1886 667 2044 707; x_wconf 87' lang='lat' dir='ltr'><strong>semper</strong></span> <span class='ocrx_word' id='word_1_65' title='bbox 2072 655 2223 708; x_wconf 89' lang='lat' dir='ltr'><strong>proprii</strong></span> <span class='ocrx_word' id='word_1_66' title='bbox 2252 668 2363 695; x_wconf 90' lang='lat' dir='ltr'><strong>com-</strong></span> 
     </span>
     <span class='ocr_line' id='line_1_8' title="bbox 195 716 2363 771; baseline 0.001 -15"><span class='ocrx_word' id='word_1_67' title='bbox 195 717 305 757; x_wconf 89' lang='lat' dir='ltr'><strong>modi</strong></span> <span class='ocrx_word' id='word_1_68' title='bbox 327 718 459 757; x_wconf 91' lang='lat' dir='ltr'><strong>studio</strong></span> <span class='ocrx_word' id='word_1_69' title='bbox 489 718 667 757; x_wconf 89' lang='lat' dir='ltr'><strong>homines</strong></span> <span class='ocrx_word' id='word_1_70' title='bbox 696 719 940 758; x_wconf 87' lang='lat' dir='ltr'><strong>Homericos</strong></span> <span class='ocrx_word' id='word_1_71' title='bbox 973 717 1024 755; x_wconf 91' lang='lat' dir='ltr'><strong>ad</strong></span> <span class='ocrx_word' id='word_1_72' title='bbox 1057 717 1260 769; x_wconf 86' lang='lat' dir='ltr'><strong>agendum</strong></span> <span class='ocrx_word' id='word_1_73' title='bbox 1290 719 1477 771; x_wconf 86' lang='lat' dir='ltr'><strong>impulsos</strong></span> <span class='ocrx_word' id='word_1_74' title='bbox 1508 717 1652 767; x_wconf 82' lang='lat' dir='ltr'><strong>fuisse,</strong></span> <span class='ocrx_word' id='word_1_75' title='bbox 1686 716 1829 755; x_wconf 90' lang='lat' dir='ltr'><strong>iisdem</strong></span> <span class='ocrx_word' id='word_1_76' title='bbox 1857 717 1974 755; x_wconf 90' lang='lat' dir='ltr'><strong>initiis</strong></span> <span class='ocrx_word' id='word_1_77' title='bbox 2006 731 2095 756; x_wconf 90' lang='lat' dir='ltr'><strong>esse</strong></span> <span class='ocrx_word' id='word_1_78' title='bbox 2124 717 2363 770; x_wconf 80' lang='lat' dir='ltr'><strong>profectum,</strong></span> 
     </span>
     <span class='ocr_line' id='line_1_9' title="bbox 194 779 2363 837; baseline 0 -15"><span class='ocrx_word' id='word_1_79' title='bbox 194 788 306 822; x_wconf 87' lang='lat' dir='ltr'><strong>recte</strong></span> <span class='ocrx_word' id='word_1_80' title='bbox 322 779 548 835; x_wconf 81' lang='lat' dir='ltr'><strong>judicetur,</strong></span> <span class='ocrx_word' id='word_1_81' title='bbox 581 783 816 837; x_wconf 84' lang='lat' dir='ltr'><strong>praesertim</strong></span> <span class='ocrx_word' id='word_1_82' title='bbox 839 797 961 837; x_wconf 92' lang='lat' dir='ltr'><strong>quum</strong></span> <span class='ocrx_word' id='word_1_83' title='bbox 982 780 1155 821; x_wconf 87' lang='lat' dir='ltr'><strong>Menelai</strong></span> <span class='ocrx_word' id='word_1_84' title='bbox 1176 782 1299 821; x_wconf 84' lang='lat' dir='ltr'><strong>verba</strong></span> <span class='ocrx_word' id='word_1_85' title='bbox 1322 782 1399 823; x_wconf 91' lang='lat' dir='ltr'><strong>Od.</strong></span> <span class='ocrx_word' id='word_1_86' title='bbox 1422 783 1487 823; x_wconf 91' lang='lat' dir='ltr'><strong>IV.</strong></span> <span class='ocrx_word' id='word_1_87' title='bbox 1521 783 1578 823; x_wconf 90' lang='lat'><strong>33</strong></span> <span class='ocrx_word' id='word_1_88' title='bbox 1613 781 1827 821; x_wconf 88' lang='lat' dir='ltr'><strong>audiantur</strong></span> <span class='ocrx_word' id='word_1_89' title='bbox 1858 780 2048 832; x_wconf 88' lang='lat' dir='ltr'><strong>dicentis,</strong></span> <span class='ocrx_word' id='word_1_90' title='bbox 2081 780 2173 821; x_wconf 90' lang='lat' dir='ltr'><strong>ideo</strong></span> <span class='ocrx_word' id='word_1_91' title='bbox 2206 782 2363 823; x_wconf 85' lang='lat' dir='ltr'><strong>Ulixem</strong></span> 
     </span>
     <span class='ocr_line' id='line_1_10' title="bbox 194 845 2363 901; baseline 0.001 -16"><span class='ocrx_word' id='word_1_92' title='bbox 194 845 366 899; x_wconf 91' lang='lat' dir='ltr'><strong>hospitio</strong></span> <span class='ocrx_word' id='word_1_93' title='bbox 401 846 550 886; x_wconf 88' lang='lat' dir='ltr'><strong>debere</strong></span> <span class='ocrx_word' id='word_1_94' title='bbox 582 847 731 900; x_wconf 82' lang='lat' dir='ltr'><strong>excipi,</strong></span> <span class='ocrx_word' id='word_1_95' title='bbox 773 846 880 901; x_wconf 90' lang='lat' dir='ltr'><strong>quod</strong></span> <span class='ocrx_word' id='word_1_96' title='bbox 923 846 962 885; x_wconf 91' lang='lat' dir='ltr'><strong>in</strong></span> <span class='ocrx_word' id='word_1_97' title='bbox 1000 845 1388 898; x_wconf 83' lang='lat' dir='ltr'><strong>peregrinationibus</strong></span> <span class='ocrx_word' id='word_1_98' title='bbox 1427 847 1506 886; x_wconf 92' lang='lat' dir='ltr'><strong>suis</strong></span> <span class='ocrx_word' id='word_1_99' title='bbox 1546 845 1716 886; x_wconf 89' lang='lat' dir='ltr'><strong>eandem</strong></span> <span class='ocrx_word' id='word_1_100' title='bbox 1754 845 1952 898; x_wconf 88' lang='lat' dir='ltr'><strong>hospitum</strong></span> <span class='ocrx_word' id='word_1_101' title='bbox 1990 845 2275 898; x_wconf 86' lang='lat' dir='ltr'><strong>benignitatem</strong></span> <span class='ocrx_word' id='word_1_102' title='bbox 2312 847 2363 887; x_wconf 90' lang='lat' dir='ltr'><strong>sit</strong></span> 
     </span>
     <span class='ocr_line' id='line_1_11' title="bbox 195 909 2361 965; baseline 0 -15"><span class='ocrx_word' id='word_1_103' title='bbox 195 916 395 964; x_wconf 86' lang='lat' dir='ltr'><strong>expertus.</strong></span> <span class='ocrx_word' id='word_1_104' title='bbox 429 911 533 951; x_wconf 91' lang='lat' dir='ltr'><strong>Nam</strong></span> <span class='ocrx_word' id='word_1_105' title='bbox 554 910 618 951; x_wconf 90' lang='lat' dir='ltr'><strong>illa</strong></span> <span class='ocrx_word' id='word_1_106' title='bbox 641 918 792 962; x_wconf 88' lang='lat' dir='ltr'><strong>aetate,</strong></span> <span class='ocrx_word' id='word_1_107' title='bbox 827 925 949 965; x_wconf 90' lang='lat' dir='ltr'><strong>quum</strong></span> <span class='ocrx_word' id='word_1_108' title='bbox 971 909 1138 964; x_wconf 90' lang='lat' dir='ltr'><strong>quisque</strong></span> <span class='ocrx_word' id='word_1_109' title='bbox 1160 910 1298 962; x_wconf 86' lang='lat' dir='ltr'><strong>sciret,</strong></span> <span class='ocrx_word' id='word_1_110' title='bbox 1330 911 1557 965; x_wconf 84' lang='lat' dir='ltr'><strong>neutiquam</strong></span> <span class='ocrx_word' id='word_1_111' title='bbox 1580 925 1624 950; x_wconf 93' lang='lat' dir='ltr'><strong>se</strong></span> <span class='ocrx_word' id='word_1_112' title='bbox 1646 924 1768 964; x_wconf 90' lang='lat' dir='ltr'><strong>posse</strong></span> <span class='ocrx_word' id='word_1_113' title='bbox 1793 923 1966 963; x_wconf 90' lang='lat' dir='ltr'><strong>unquam</strong></span> <span class='ocrx_word' id='word_1_114' title='bbox 1996 910 2247 964; x_wconf 86' lang='lat' dir='ltr'><strong>peregrinari</strong></span> <span class='ocrx_word' id='word_1_115' title='bbox 2276 911 2361 952; x_wconf 91' lang='lat' dir='ltr'><strong>sine</strong></span> 
     </span>
     <span class='ocr_line' id='line_1_12' title="bbox 194 972 2361 1029; baseline 0.001 -15"><span class='ocrx_word' id='word_1_116' title='bbox 194 972 390 1029; x_wconf 90' lang='lat' dir='ltr'><strong>ejusmodi</strong></span> <span class='ocrx_word' id='word_1_117' title='bbox 413 975 707 1015; x_wconf 89' lang='lat' dir='ltr'><strong>consuetudinis</strong></span> <span class='ocrx_word' id='word_1_118' title='bbox 729 974 951 1029; x_wconf 87' lang='lat' dir='ltr'><strong>praesidio,</strong></span> <span class='ocrx_word' id='word_1_119' title='bbox 984 973 1240 1014; x_wconf 89' lang='lat' dir='ltr'><strong>libentissime</strong></span> <span class='ocrx_word' id='word_1_120' title='bbox 1261 975 1504 1028; x_wconf 87' lang='lat' dir='ltr'><strong>praestitisse</strong></span> <span class='ocrx_word' id='word_1_121' title='bbox 1536 989 1674 1014; x_wconf 91' lang='lat' dir='ltr'><strong>omnes</strong></span> <span class='ocrx_word' id='word_1_122' title='bbox 1706 973 1791 1014; x_wconf 87' lang='lat' dir='ltr'><strong>aliis</strong></span> <span class='ocrx_word' id='word_1_123' title='bbox 1815 980 2122 1014; x_wconf 87' lang='lat' dir='ltr'><strong>consentaneum</strong></span> <span class='ocrx_word' id='word_1_124' title='bbox 2145 982 2225 1026; x_wconf 90' lang='lat' dir='ltr'><strong>est,</strong></span> <span class='ocrx_word' id='word_1_125' title='bbox 2252 974 2361 1029; x_wconf 90' lang='lat' dir='ltr'><strong>quod</strong></span> 
     </span>
     <span class='ocr_line' id='line_1_13' title="bbox 194 1037 2360 1093; baseline 0 -15"><span class='ocrx_word' id='word_1_126' title='bbox 194 1053 286 1078; x_wconf 89' lang='lat' dir='ltr'><strong>mox</strong></span> <span class='ocrx_word' id='word_1_127' title='bbox 307 1039 381 1092; x_wconf 89' lang='lat' dir='ltr'><strong>ipsi</strong></span> <span class='ocrx_word' id='word_1_128' title='bbox 404 1040 453 1079; x_wconf 93' lang='lat' dir='ltr'><strong>ab</strong></span> <span class='ocrx_word' id='word_1_129' title='bbox 477 1039 560 1078; x_wconf 88' lang='lat' dir='ltr'><strong>aliis</strong></span> <span class='ocrx_word' id='word_1_130' title='bbox 582 1046 777 1093; x_wconf 87' lang='lat' dir='ltr'><strong>peterent.</strong></span> <span class='ocrx_word' id='word_1_131' title='bbox 820 1039 919 1084; x_wconf 85' lang='lat' dir='ltr'><strong>Quis</strong></span> <span class='ocrx_word' id='word_1_132' title='bbox 951 1044 1085 1088; x_wconf 83' lang='lat' dir='ltr'><strong>tamen</strong></span> <span class='ocrx_word' id='word_1_133' title='bbox 1117 1037 1196 1077; x_wconf 90' lang='lat' dir='ltr'><strong>hoc</strong></span> <span class='ocrx_word' id='word_1_134' title='bbox 1218 1037 1370 1092; x_wconf 89' lang='lat' dir='ltr'><strong>judicio</strong></span> <span class='ocrx_word' id='word_1_135' title='bbox 1402 1039 1556 1079; x_wconf 89' lang='lat' dir='ltr'><strong>detrahi</strong></span> <span class='ocrx_word' id='word_1_136' title='bbox 1587 1038 1804 1093; x_wconf 90' lang='lat' dir='ltr'><strong>quidquam</strong></span> <span class='ocrx_word' id='word_1_137' title='bbox 1834 1045 2012 1078; x_wconf 85' lang='lat' dir='ltr'><strong>veterum</strong></span> <span class='ocrx_word' id='word_1_138' title='bbox 2041 1039 2195 1078; x_wconf 90' lang='lat' dir='ltr'><strong>illorum</strong></span> <span class='ocrx_word' id='word_1_139' title='bbox 2226 1040 2360 1079; x_wconf 82' lang='lat' dir='ltr'><strong>virtuti</strong></span> 
     </span>
     <span class='ocr_line' id='line_1_14' title="bbox 194 1101 2358 1157; baseline 0 -14"><span class='ocrx_word' id='word_1_140' title='bbox 194 1103 405 1157; x_wconf 76' lang='lat' dir='ltr'><strong>opinetur?</strong></span> <span class='ocrx_word' id='word_1_141' title='bbox 438 1104 562 1143; x_wconf 87' lang='lat' dir='ltr'><strong>Certe</strong></span> <span class='ocrx_word' id='word_1_142' title='bbox 586 1118 634 1143; x_wconf 87' lang='lat' dir='ltr'><strong>ex</strong></span> <span class='ocrx_word' id='word_1_143' title='bbox 656 1104 742 1157; x_wconf 90' lang='lat' dir='ltr'><strong>ipso</strong></span> <span class='ocrx_word' id='word_1_144' title='bbox 765 1103 917 1157; x_wconf 90' lang='lat' dir='ltr'><strong>proprii</strong></span> <span class='ocrx_word' id='word_1_145' title='bbox 951 1101 1152 1142; x_wconf 90' lang='lat' dir='ltr'><strong>commodi</strong></span> <span class='ocrx_word' id='word_1_146' title='bbox 1182 1102 1333 1154; x_wconf 89' lang='lat' dir='ltr'><strong>studio,</strong></span> <span class='ocrx_word' id='word_1_147' title='bbox 1367 1103 1399 1144; x_wconf 90' lang='lat' dir='ltr'><strong>si</strong></span> <span class='ocrx_word' id='word_1_148' title='bbox 1430 1118 1519 1144; x_wconf 92' lang='lat' dir='ltr'><strong>cum</strong></span> <span class='ocrx_word' id='word_1_149' title='bbox 1549 1117 1645 1143; x_wconf 79' lang='lat' dir='ltr'><strong>vera</strong></span> <span class='ocrx_word' id='word_1_150' title='bbox 1681 1102 1895 1143; x_wconf 70' lang='lat' dir='ltr'><strong>divinitatis</strong></span> <span class='ocrx_word' id='word_1_151' title='bbox 1925 1102 2152 1157; x_wconf 82' lang='lat' dir='ltr'><strong>cognitione</strong></span> <span class='ocrx_word' id='word_1_152' title='bbox 2182 1103 2231 1143; x_wconf 89' lang='lat' dir='ltr'><strong>sit</strong></span> <span class='ocrx_word' id='word_1_153' title='bbox 2262 1118 2358 1144; x_wconf 90' lang='lat' dir='ltr'><strong>con-</strong></span> 
     </span>
     <span class='ocr_line' id='line_1_15' title="bbox 186 1165 2356 1221; baseline 0 -14"><span class='ocrx_word' id='word_1_154' title='bbox 186 1165 391 1221; x_wconf 84' lang='lat' dir='ltr'><strong>junctum,</strong></span> <span class='ocrx_word' id='word_1_155' title='bbox 423 1166 601 1206; x_wconf 89' lang='lat' dir='ltr'><strong>facinora</strong></span> <span class='ocrx_word' id='word_1_156' title='bbox 625 1168 794 1221; x_wconf 86' lang='lat' dir='ltr'><strong>egregia</strong></span> <span class='ocrx_word' id='word_1_157' title='bbox 817 1180 1005 1206; x_wconf 88' lang='lat' dir='ltr'><strong>emanare</strong></span> <span class='ocrx_word' id='word_1_158' title='bbox 1036 1166 1201 1217; x_wconf 88' lang='lat' dir='ltr'><strong>scimus,</strong></span> <span class='ocrx_word' id='word_1_159' title='bbox 1234 1168 1266 1206; x_wconf 89' lang='lat' dir='ltr'><strong>si</strong></span> <span class='ocrx_word' id='word_1_160' title='bbox 1295 1182 1393 1218; x_wconf 93' lang='lat' dir='ltr'><strong>non,</strong></span> <span class='ocrx_word' id='word_1_161' title='bbox 1428 1182 1517 1207; x_wconf 92' lang='lat' dir='ltr'><strong>cum</strong></span> <span class='ocrx_word' id='word_1_162' title='bbox 1547 1167 1767 1206; x_wconf 90' lang='lat' dir='ltr'><strong>inhonestis</strong></span> <span class='ocrx_word' id='word_1_163' title='bbox 1798 1166 1975 1220; x_wconf 90' lang='lat' dir='ltr'><strong>plurimis</strong></span> <span class='ocrx_word' id='word_1_164' title='bbox 2005 1166 2230 1206; x_wconf 88' lang='lat' dir='ltr'><strong>honestiora</strong></span> <span class='ocrx_word' id='word_1_165' title='bbox 2259 1182 2356 1207; x_wconf 91' lang='lat' dir='ltr'><strong>non-</strong></span> 
     </span>
     <span class='ocr_line' id='line_1_16' title="bbox 192 1229 2359 1286; baseline 0 -16"><span class='ocrx_word' id='word_1_166' title='bbox 192 1231 315 1282; x_wconf 88' lang='lat' dir='ltr'><strong>nulla,</strong></span> <span class='ocrx_word' id='word_1_167' title='bbox 350 1245 400 1270; x_wconf 89' lang='lat' dir='ltr'><strong>ex</strong></span> <span class='ocrx_word' id='word_1_168' title='bbox 427 1231 598 1270; x_wconf 88' lang='lat' dir='ltr'><strong>Homeri</strong></span> <span class='ocrx_word' id='word_1_169' title='bbox 638 1231 876 1271; x_wconf 90' lang='lat' dir='ltr'><strong>carminibus</strong></span> <span class='ocrx_word' id='word_1_170' title='bbox 907 1229 1185 1284; x_wconf 83' lang='lat' dir='ltr'><strong>intelligemus,</strong></span> <span class='ocrx_word' id='word_1_171' title='bbox 1240 1235 1392 1280; x_wconf 73' lang='grc' dir='ltr'><strong><em>σχὲσθε</em></strong></span> <span class='ocrx_word' id='word_1_172' title='bbox 1421 1233 1553 1284; x_wconf 81' lang='grc' dir='ltr'><strong><em>φίλοι,</em></strong></span> <span class='ocrx_word' id='word_1_173' title='bbox 1587 1237 1652 1271; x_wconf 81' lang='grc' dir='ltr'><strong>καὶ</strong></span> <span class='ocrx_word' id='word_1_174' title='bbox 1683 1229 1722 1283; x_wconf 72' lang='grc' dir='ltr'><strong>μ’</strong></span> <span class='ocrx_word' id='word_1_175' title='bbox 1754 1231 1843 1270; x_wconf 80' lang='grc' dir='ltr'><strong><em>οἷον</em></strong></span> <span class='ocrx_word' id='word_1_176' title='bbox 1872 1230 2019 1270; x_wconf 81' lang='grc' dir='ltr'><strong><em>ἐάσατε</em></strong></span> <span class='ocrx_word' id='word_1_177' title='bbox 2048 1235 2197 1271; x_wconf 74' lang='grc' dir='ltr'><strong><em>πένθεϊ</em></strong></span> <span class='ocrx_word' id='word_1_178' title='bbox 2230 1233 2359 1286; x_wconf 74' lang='grc' dir='ltr'><strong><em>λυγρῷ</em></strong></span> 
     </span>
     <span class='ocr_line' id='line_1_17' title="bbox 191 1292 2356 1349; baseline 0 -14"><span class='ocrx_word' id='word_1_179' title='bbox 191 1292 383 1347; x_wconf 74' lang='grc' dir='ltr'><strong><em>τείρεσθ’,</em></strong></span> <span class='ocrx_word' id='word_1_180' title='bbox 425 1296 462 1335; x_wconf 85' lang='grc' dir='ltr'><strong>εἰ</strong></span> <span class='ocrx_word' id='word_1_181' title='bbox 489 1294 579 1348; x_wconf 82' lang='grc' dir='ltr'><strong><em>μήτι</em></strong></span> <span class='ocrx_word' id='word_1_182' title='bbox 608 1296 739 1349; x_wconf 73' lang='grc' dir='ltr'><strong><em>πατὴρ</em></strong></span> <span class='ocrx_word' id='word_1_183' title='bbox 770 1295 863 1347; x_wconf 76' lang='grc' dir='ltr'><strong><em>ἐμὸς</em></strong></span> <span class='ocrx_word' id='word_1_184' title='bbox 892 1295 1123 1346; x_wconf 77' lang='grc' dir='ltr'><strong><em>δυσμενέων</em></strong></span> <span class='ocrx_word' id='word_1_185' title='bbox 1151 1293 1234 1334; x_wconf 77' lang='grc' dir='ltr'><strong><em>κάκ’</em></strong></span> <span class='ocrx_word' id='word_1_186' title='bbox 1265 1295 1394 1348; x_wconf 70' lang='grc' dir='ltr'><strong><em>ἔρεξεν</em></strong></span> <span class='ocrx_word' id='word_1_187' title='bbox 1419 1294 1625 1345; x_wconf 82' lang='grc' dir='ltr'><strong><em>Ἀχαιούς,</em></strong></span> <span class='ocrx_word' id='word_1_188' title='bbox 1667 1309 1772 1349; x_wconf 91' lang='lat' dir='ltr'><strong>quae</strong></span> <span class='ocrx_word' id='word_1_189' title='bbox 1802 1295 1925 1333; x_wconf 83' lang='lat' dir='ltr'><strong>verba</strong></span> <span class='ocrx_word' id='word_1_190' title='bbox 1955 1295 2086 1348; x_wconf 88' lang='lat' dir='ltr'><strong>procis</strong></span> <span class='ocrx_word' id='word_1_191' title='bbox 2118 1295 2215 1335; x_wconf 89' lang='lat' dir='ltr'><strong>dicit</strong></span> <span class='ocrx_word' id='word_1_192' title='bbox 2237 1295 2356 1335; x_wconf 86' lang='lat' dir='ltr'><strong>Tele-</strong></span> 
     </span>
     <span class='ocr_line' id='line_1_18' title="bbox 193 1356 2359 1413; baseline 0.001 -15"><span class='ocrx_word' id='word_1_193' title='bbox 193 1358 357 1399; x_wconf 87' lang='lat' dir='ltr'><strong>machus</strong></span> <span class='ocrx_word' id='word_1_194' title='bbox 380 1358 458 1399; x_wconf 88' lang='lat' dir='ltr'><strong>Od.</strong></span> <span class='ocrx_word' id='word_1_195' title='bbox 480 1359 533 1399; x_wconf 89' lang='lat' dir='ltr'><strong>II.</strong></span> <span class='ocrx_word' id='word_1_196' title='bbox 560 1360 629 1400; x_wconf 88' lang='lat'><strong>71.</strong></span> <span class='ocrx_word' id='word_1_197' title='bbox 662 1359 708 1399; x_wconf 92' lang='lat' dir='ltr'><strong>Il.</strong></span> <span class='ocrx_word' id='word_1_198' title='bbox 731 1359 804 1399; x_wconf 90' lang='lat' dir='ltr'><strong>IX.</strong></span> <span class='ocrx_word' id='word_1_199' title='bbox 829 1356 942 1399; x_wconf 74' lang='lat'><strong>508:</strong></span> <span class='ocrx_word' id='word_1_200' title='bbox 975 1358 1018 1404; x_wconf 81' lang='grc' dir='ltr'><strong>ὃς</strong></span> <span class='ocrx_word' id='word_1_201' title='bbox 1038 1361 1107 1398; x_wconf 79' lang='grc' dir='ltr'><strong><em>κέν</em></strong></span> <span class='ocrx_word' id='word_1_202' title='bbox 1127 1356 1160 1398; x_wconf 74' lang='grc' dir='ltr'><strong><em>τ’</em></strong></span> <span class='ocrx_word' id='word_1_203' title='bbox 1183 1359 1382 1400; x_wconf 78' lang='grc' dir='ltr'><strong><em>αἰδέσεται</em></strong></span> <span class='ocrx_word' id='word_1_204' title='bbox 1404 1358 1548 1413; x_wconf 84' lang='grc' dir='ltr'><strong><em>κούρας</em></strong></span> <span class='ocrx_word' id='word_1_205' title='bbox 1570 1360 1665 1405; x_wconf 81' lang='grc' dir='ltr'><strong><em>Διὸς</em></strong></span> <span class='ocrx_word' id='word_1_206' title='bbox 1695 1357 1868 1412; x_wconf 80' lang='grc' dir='ltr'>(Λιτάς)</span> <span class='ocrx_word' id='word_1_207' title='bbox 1899 1382 1959 1389; x_wconf 91' lang='lat'><strong>-—</strong></span> <span class='ocrx_word' id='word_1_208' title='bbox 1987 1359 2059 1399; x_wconf 85' lang='grc' dir='ltr'><strong>τὸν</strong></span> <span class='ocrx_word' id='word_1_209' title='bbox 2085 1357 2167 1410; x_wconf 69' lang='grc' dir='ltr'><strong><em>μέγ’</em></strong></span> <span class='ocrx_word' id='word_1_210' title='bbox 2197 1357 2359 1412; x_wconf 79' lang='grc' dir='ltr'><strong><em>ὤνησαν</em></strong></span> 
     </span>
     <span class='ocr_line' id='line_1_19' title="bbox 193 1420 2356 1475; baseline 0.001 -14"><span class='ocrx_word' id='word_1_211' title='bbox 193 1425 263 1462; x_wconf 89' lang='grc' dir='ltr'><strong>καί</strong></span> <span class='ocrx_word' id='word_1_212' title='bbox 290 1420 323 1462; x_wconf 72' lang='grc' dir='ltr'><strong><em>τ’</em></strong></span> <span class='ocrx_word' id='word_1_213' title='bbox 353 1422 490 1462; x_wconf 72' lang='grc' dir='ltr'><strong><em>ἔκλυον</em></strong></span> <span class='ocrx_word' id='word_1_214' title='bbox 518 1420 762 1474; x_wconf 71' lang='grc' dir='ltr'><strong><em>εὐξαμένοιο.</em></strong></span> <span class='ocrx_word' id='word_1_215' title='bbox 812 1422 890 1462; x_wconf 91' lang='lat' dir='ltr'><strong>Od.</strong></span> <span class='ocrx_word' id='word_1_216' title='bbox 920 1422 974 1462; x_wconf 91' lang='lat' dir='ltr'><strong>H.</strong></span> <span class='ocrx_word' id='word_1_217' title='bbox 1007 1422 1097 1461; x_wconf 87' lang='lat'><strong>230</strong></span> <span class='ocrx_word' id='word_1_218' title='bbox 1130 1423 1286 1462; x_wconf 91' lang='lat' dir='ltr'><strong>Mentor</strong></span> <span class='ocrx_word' id='word_1_219' title='bbox 1317 1423 1356 1462; x_wconf 90' lang='lat' dir='ltr'><strong>in</strong></span> <span class='ocrx_word' id='word_1_220' title='bbox 1385 1423 1654 1463; x_wconf 91' lang='lat' dir='ltr'><strong>Ithacensium</strong></span> <span class='ocrx_word' id='word_1_221' title='bbox 1696 1421 1891 1471; x_wconf 86' lang='lat' dir='ltr'><strong>concilio,</strong></span> <span class='ocrx_word' id='word_1_222' title='bbox 1932 1436 2050 1475; x_wconf 91' lang='lat' dir='ltr'><strong>quum</strong></span> <span class='ocrx_word' id='word_1_223' title='bbox 2077 1436 2194 1461; x_wconf 91' lang='lat' dir='ltr'><strong>nemo</strong></span> <span class='ocrx_word' id='word_1_224' title='bbox 2230 1423 2356 1463; x_wconf 87' lang='lat' dir='ltr'><strong>Ulixis</strong></span> 
     </span>
     <span class='ocr_line' id='line_1_20' title="bbox 193 1484 2359 1541; baseline 0.001 -16"><span class='ocrx_word' id='word_1_225' title='bbox 193 1486 416 1526; x_wconf 90' lang='lat' dir='ltr'><strong>meminisse</strong></span> <span class='ocrx_word' id='word_1_226' title='bbox 446 1485 671 1526; x_wconf 73' lang='lat' dir='ltr'><strong>videretur:</strong></span> <span class='ocrx_word' id='word_1_227' title='bbox 710 1485 822 1539; x_wconf 79' lang='grc' dir='ltr'><strong><em>μήτις</em></strong></span> <span class='ocrx_word' id='word_1_228' title='bbox 862 1486 920 1526; x_wconf 69' lang='grc' dir='ltr'><strong><em>ἔτι</em></strong></span> <span class='ocrx_word' id='word_1_229' title='bbox 959 1484 1157 1541; x_wconf 80' lang='grc' dir='ltr'><strong><em>πρόφρων</em></strong></span> <span class='ocrx_word' id='word_1_230' title='bbox 1185 1484 1334 1537; x_wconf 72' lang='grc' dir='ltr'><strong><em>ἀγαθὸς</em></strong></span> <span class='ocrx_word' id='word_1_231' title='bbox 1371 1491 1437 1526; x_wconf 85' lang='grc' dir='ltr'><strong>καὶ</strong></span> <span class='ocrx_word' id='word_1_232' title='bbox 1467 1485 1583 1540; x_wconf 70' lang='grc' dir='ltr'><strong><em>ἤπιος</em></strong></span> <span class='ocrx_word' id='word_1_233' title='bbox 1612 1487 1715 1527; x_wconf 74' lang='grc' dir='ltr'><strong><em>ἔστω</em></strong></span> <span class='ocrx_word' id='word_1_234' title='bbox 1748 1489 1995 1538; x_wconf 76' lang='grc' dir='ltr'><strong><em>σκηπτοῦχος</em></strong></span> <span class='ocrx_word' id='word_1_235' title='bbox 2024 1487 2229 1538; x_wconf 67' lang='grc' dir='ltr'><strong><em>βασιλεὺς,</em></strong></span> <span class='ocrx_word' id='word_1_236' title='bbox 2262 1488 2359 1540; x_wconf 81' lang='grc' dir='ltr'><strong><em>μηδὲ</em></strong></span> 
     </span>
     <span class='ocr_line' id='line_1_21' title="bbox 192 1548 2360 1604; baseline 0 -14"><span class='ocrx_word' id='word_1_237' title='bbox 192 1555 338 1604; x_wconf 78' lang='grc' dir='ltr'><strong><em>φρεσὶν</em></strong></span> <span class='ocrx_word' id='word_1_238' title='bbox 360 1552 503 1601; x_wconf 82' lang='grc' dir='ltr'><strong><em>αἴσιμα</em></strong></span> <span class='ocrx_word' id='word_1_239' title='bbox 525 1551 637 1596; x_wconf 76' lang='grc' dir='ltr'><strong><em>εἰδώς</em></strong></span> <span class='ocrx_word' id='word_1_240' title='bbox 645 1582 660 1599; x_wconf 93' lang='grc'><strong><em>,</em></strong></span> <span class='ocrx_word' id='word_1_241' title='bbox 694 1548 778 1590; x_wconf 72' lang='grc' dir='ltr'><strong><em>ἀλλ’</em></strong></span> <span class='ocrx_word' id='word_1_242' title='bbox 802 1551 881 1591; x_wconf 87' lang='grc' dir='ltr'><strong>αιέῑ</strong></span> <span class='ocrx_word' id='word_1_243' title='bbox 902 1549 1078 1600; x_wconf 87' lang='grc' dir='ltr'><strong><em>χαλεπός</em></strong></span> <span class='ocrx_word' id='word_1_244' title='bbox 1107 1549 1140 1590; x_wconf 75' lang='grc' dir='ltr'><strong><em>τ’</em></strong></span> <span class='ocrx_word' id='word_1_245' title='bbox 1170 1553 1226 1603; x_wconf 84' lang='grc' dir='ltr'><strong>εἴη</strong></span> <span class='ocrx_word' id='word_1_246' title='bbox 1256 1556 1320 1591; x_wconf 88' lang='grc' dir='ltr'><strong>καῖ</strong></span> <span class='ocrx_word' id='word_1_247' title='bbox 1352 1553 1500 1591; x_wconf 82' lang='grc' dir='ltr'><strong><em>αἴσυλα</em></strong></span> <span class='ocrx_word' id='word_1_248' title='bbox 1539 1552 1656 1602; x_wconf 79' lang='grc' dir='ltr'><strong><em>ῥέζοι.</em></strong></span> <span class='ocrx_word' id='word_1_249' title='bbox 1699 1550 1750 1596; x_wconf 77' lang='grc' dir='ltr'><strong>ὥς</strong></span> <span class='ocrx_word' id='word_1_250' title='bbox 1781 1548 1887 1595; x_wconf 58' lang='grc' dir='ltr'><strong><em>οἷῖτις</em></strong></span> <span class='ocrx_word' id='word_1_251' title='bbox 1916 1553 2108 1603; x_wconf 77' lang='grc' dir='ltr'><strong><em>μέμνηται</em></strong></span> <span class='ocrx_word' id='word_1_252' title='bbox 2132 1549 2360 1604; x_wconf 78' lang='grc' dir='ltr'><strong><em>Ὀδυσσῆος</em></strong></span> 
     </span>
     <span class='ocr_line' id='line_1_22' title="bbox 191 1611 2358 1670; baseline 0 -13"><span class='ocrx_word' id='word_1_253' title='bbox 191 1618 322 1657; x_wconf 78' lang='grc' dir='ltr'><strong><em>θείοιο</em></strong></span> <span class='ocrx_word' id='word_1_254' title='bbox 351 1615 483 1664; x_wconf 85' lang='grc' dir='ltr'><strong><em>λαῶν,</em></strong></span> <span class='ocrx_word' id='word_1_255' title='bbox 529 1614 635 1656; x_wconf 81' lang='grc' dir='ltr'><strong><em>οἶσιν</em></strong></span> <span class='ocrx_word' id='word_1_256' title='bbox 665 1612 847 1663; x_wconf 75' lang='grc' dir='ltr'><strong><em>ἄνασσε,</em></strong></span> <span class='ocrx_word' id='word_1_257' title='bbox 887 1614 1021 1669; x_wconf 76' lang='grc' dir='ltr'><strong><em>πατὴρ</em></strong></span> <span class='ocrx_word' id='word_1_258' title='bbox 1053 1611 1094 1654; x_wconf 76' lang='grc' dir='ltr'><strong>δ’</strong></span> <span class='ocrx_word' id='word_1_259' title='bbox 1127 1614 1177 1661; x_wconf 80' lang='grc' dir='ltr'><strong>ὣς</strong></span> <span class='ocrx_word' id='word_1_260' title='bbox 1205 1612 1316 1670; x_wconf 60' lang='grc' dir='ltr'><strong><em>ξ”πιος</em></strong></span> <span class='ocrx_word' id='word_1_261' title='bbox 1345 1612 1424 1669; x_wconf 79' lang='grc' dir='ltr'><strong><em>ἦεν.</em></strong></span> <span class='ocrx_word' id='word_1_262' title='bbox 1460 1614 1524 1656; x_wconf 83' lang='lat' dir='ltr'><strong>Cf.</strong></span> <span class='ocrx_word' id='word_1_263' title='bbox 1548 1615 1627 1656; x_wconf 89' lang='lat' dir='ltr'><strong>Od.</strong></span> <span class='ocrx_word' id='word_1_264' title='bbox 1651 1615 1697 1656; x_wconf 89' lang='lat' dir='ltr'><strong>V.</strong></span> <span class='ocrx_word' id='word_1_265' title='bbox 1723 1615 1828 1655; x_wconf 91' lang='lat'><strong>219.</strong></span> <span class='ocrx_word' id='word_1_266' title='bbox 1862 1614 1929 1655; x_wconf 91' lang='lat' dir='ltr'><strong>IV.</strong></span> <span class='ocrx_word' id='word_1_267' title='bbox 1955 1615 2054 1655; x_wconf 92' lang='lat'><strong>292.</strong></span> <span class='ocrx_word' id='word_1_268' title='bbox 2089 1614 2168 1655; x_wconf 92' lang='lat' dir='ltr'><strong>Od.</strong></span> <span class='ocrx_word' id='word_1_269' title='bbox 2191 1615 2266 1655; x_wconf 89' lang='grc' dir='ltr'><strong>ΠΙ.</strong></span> <span class='ocrx_word' id='word_1_270' title='bbox 2299 1615 2358 1657; x_wconf 85' lang='grc'><strong>98</strong></span> 
     </span>
     <span class='ocr_line' id='line_1_23' title="bbox 192 1676 2358 1734; baseline 0 -14"><span class='ocrx_word' id='word_1_271' title='bbox 192 1679 457 1720; x_wconf 82' lang='lat' dir='ltr'><strong>Telemachus</strong></span> <span class='ocrx_word' id='word_1_272' title='bbox 489 1679 675 1719; x_wconf 87' lang='lat' dir='ltr'><strong>Nestori:</strong></span> <span class='ocrx_word' id='word_1_273' title='bbox 707 1677 791 1719; x_wconf 77' lang='grc' dir='ltr'><strong><em>ἄλλ’</em></strong></span> <span class='ocrx_word' id='word_1_274' title='bbox 824 1676 868 1720; x_wconf 79' lang='grc' dir='ltr'><strong>εὖ</strong></span> <span class='ocrx_word' id='word_1_275' title='bbox 896 1695 966 1731; x_wconf 88' lang='grc' dir='ltr'><strong>μοι</strong></span> <span class='ocrx_word' id='word_1_276' title='bbox 998 1677 1234 1728; x_wconf 77' lang='grc' dir='ltr'><strong><em>κατάλεξον,</em></strong></span> <span class='ocrx_word' id='word_1_277' title='bbox 1275 1679 1384 1725; x_wconf 81' lang='grc' dir='ltr'><strong><em>ὅπως</em></strong></span> <span class='ocrx_word' id='word_1_278' title='bbox 1413 1677 1586 1734; x_wconf 78' lang='grc' dir='ltr'><strong><em>ἤντησας</em></strong></span> <span class='ocrx_word' id='word_1_279' title='bbox 1617 1678 1784 1733; x_wconf 79' lang='grc' dir='ltr'><em>ὀπωπῆς</em></span> <span class='ocrx_word' id='word_1_280' title='bbox 1810 1681 2024 1730; x_wconf 87' lang='grc' dir='ltr'><strong><em>λίσσομαι,</em></strong></span> <span class='ocrx_word' id='word_1_281' title='bbox 2058 1682 2198 1720; x_wconf 76' lang='grc' dir='ltr'><strong><em>εἴποτέ</em></strong></span> <span class='ocrx_word' id='word_1_282' title='bbox 2228 1683 2294 1720; x_wconf 90' lang='grc' dir='ltr'><strong><em>τοί</em></strong></span> <span class='ocrx_word' id='word_1_283' title='bbox 2320 1696 2358 1720; x_wconf 89' lang='grc' dir='ltr'><strong><em>τι</em></strong></span> 
     </span>
     <span class='ocr_line' id='line_1_24' title="bbox 192 1741 2357 1799; baseline 0 -15"><span class='ocrx_word' id='word_1_284' title='bbox 192 1744 323 1799; x_wconf 73' lang='grc' dir='ltr'><strong><em>πατὴρ</em></strong></span> <span class='ocrx_word' id='word_1_285' title='bbox 346 1744 458 1796; x_wconf 75' lang='grc' dir='ltr'><strong><em>ἐμὸς,</em></strong></span> <span class='ocrx_word' id='word_1_286' title='bbox 481 1743 628 1789; x_wconf 70' lang='grc' dir='ltr'><strong><em>ἐσθλὸς</em></strong></span> <span class='ocrx_word' id='word_1_287' title='bbox 644 1741 895 1792; x_wconf 82' lang='grc' dir='ltr'><strong><em>Ὀδυσσεῦς,</em></strong></span> <span class='ocrx_word' id='word_1_288' title='bbox 918 1742 941 1798; x_wconf 80' lang='grc' dir='ltr'><em>ἢ</em></span> <span class='ocrx_word' id='word_1_289' title='bbox 964 1743 1060 1790; x_wconf 73' lang='grc' dir='ltr'><strong><em>ἔπος</em></strong></span> <span class='ocrx_word' id='word_1_290' title='bbox 1081 1741 1125 1798; x_wconf 80' lang='grc' dir='ltr'><strong>ἦέ</strong></span> <span class='ocrx_word' id='word_1_291' title='bbox 1145 1760 1182 1783; x_wconf 92' lang='grc' dir='ltr'><strong><em>τι</em></strong></span> <span class='ocrx_word' id='word_1_292' title='bbox 1204 1744 1317 1798; x_wconf 72' lang='grc' dir='ltr'><strong><em>ἔργον</em></strong></span> <span class='ocrx_word' id='word_1_293' title='bbox 1337 1741 1519 1791; x_wconf 78' lang='grc' dir='ltr'><strong><em>ὑποστὰς</em></strong></span> <span class='ocrx_word' id='word_1_294' title='bbox 1540 1745 1805 1794; x_wconf 75' lang='grc' dir='ltr'><strong><em>ἐξετέλεσσεν.</em></strong></span> <span class='ocrx_word' id='word_1_295' title='bbox 1841 1742 1921 1784; x_wconf 93' lang='lat' dir='ltr'><strong>Od.</strong></span> <span class='ocrx_word' id='word_1_296' title='bbox 1941 1744 2005 1783; x_wconf 92' lang='lat' dir='ltr'><strong>IV.</strong></span> <span class='ocrx_word' id='word_1_297' title='bbox 2020 1744 2128 1784; x_wconf 92' lang='lat'><strong>693:</strong></span> <span class='ocrx_word' id='word_1_298' title='bbox 2150 1743 2357 1798; x_wconf 88' lang='lat' dir='ltr'><strong>Penelope</strong></span> 
     </span>
     <span class='ocr_line' id='line_1_25' title="bbox 191 1805 2359 1863; baseline 0 -14"><span class='ocrx_word' id='word_1_299' title='bbox 191 1808 370 1849; x_wconf 89' lang='lat' dir='ltr'><strong>Medonti</strong></span> <span class='ocrx_word' id='word_1_300' title='bbox 392 1808 443 1848; x_wconf 87' lang='lat' dir='ltr'><strong>de</strong></span> <span class='ocrx_word' id='word_1_301' title='bbox 465 1808 602 1848; x_wconf 88' lang='lat' dir='ltr'><strong>Ulixe:</strong></span> <span class='ocrx_word' id='word_1_302' title='bbox 625 1814 752 1854; x_wconf 86' lang='grc' dir='ltr'><strong><em>κεῖνος</em></strong></span> <span class='ocrx_word' id='word_1_303' title='bbox 774 1806 814 1849; x_wconf 76' lang='grc' dir='ltr'><strong>δ’</strong></span> <span class='ocrx_word' id='word_1_304' title='bbox 837 1805 987 1849; x_wconf 70' lang='grc' dir='ltr'><strong><em>οὔποτε</em></strong></span> <span class='ocrx_word' id='word_1_305' title='bbox 1002 1808 1177 1860; x_wconf 81' lang='grc' dir='ltr'><strong><em>πάμπαν</em></strong></span> <span class='ocrx_word' id='word_1_306' title='bbox 1199 1807 1438 1849; x_wconf 73' lang='grc' dir='ltr'><strong><em>ἄτασθαλον</em></strong></span> <span class='ocrx_word' id='word_1_307' title='bbox 1459 1807 1589 1862; x_wconf 75' lang='grc' dir='ltr'><strong><em>ἄνδρα</em></strong></span> <span class='ocrx_word' id='word_1_308' title='bbox 1610 1809 1767 1863; x_wconf 80' lang='grc' dir='ltr'><strong><em>ἐώργει·</em></strong></span> <span class='ocrx_word' id='word_1_309' title='bbox 1793 1807 1876 1848; x_wconf 73' lang='grc' dir='ltr'><strong>ἀλλ’</strong></span> <span class='ocrx_word' id='word_1_310' title='bbox 1897 1807 1918 1849; x_wconf 84' lang='grc' dir='ltr'><strong>ὁ</strong></span> <span class='ocrx_word' id='word_1_311' title='bbox 1935 1814 2007 1859; x_wconf 74' lang='grc' dir='ltr'><strong><em>μὲν</em></strong></span> <span class='ocrx_word' id='word_1_312' title='bbox 2026 1807 2210 1860; x_wconf 69' lang='grc' dir='ltr'><strong><em>ὑμέτερος</em></strong></span> <span class='ocrx_word' id='word_1_313' title='bbox 2231 1809 2359 1860; x_wconf 70' lang='grc' dir='ltr'><strong><em>θυμὸς</em></strong></span> 
     </span>
     <span class='ocr_line' id='line_1_26' title="bbox 192 1869 2357 1928; baseline 0 -15"><span class='ocrx_word' id='word_1_314' title='bbox 192 1877 258 1913; x_wconf 84' lang='grc' dir='ltr'><strong>καὶ</strong></span> <span class='ocrx_word' id='word_1_315' title='bbox 280 1870 412 1914; x_wconf 80' lang='grc' dir='ltr'><strong><em>άεικὲα</em></strong></span> <span class='ocrx_word' id='word_1_316' title='bbox 434 1872 528 1926; x_wconf 75' lang='grc' dir='ltr'><strong><em>ἔργα</em></strong></span> <span class='ocrx_word' id='word_1_317' title='bbox 550 1875 762 1926; x_wconf 87' lang='grc' dir='ltr'><strong><em>φαίνεται,</em></strong></span> <span class='ocrx_word' id='word_1_318' title='bbox 797 1869 892 1913; x_wconf 80' lang='grc' dir='ltr'><strong>οὖδὲ</strong></span> <span class='ocrx_word' id='word_1_319' title='bbox 911 1875 969 1918; x_wconf 89' lang='grc' dir='ltr'><strong><em>τίς</em></strong></span> <span class='ocrx_word' id='word_1_320' title='bbox 990 1872 1077 1913; x_wconf 78' lang='grc' dir='ltr'><strong><em>ἐστι</em></strong></span> <span class='ocrx_word' id='word_1_321' title='bbox 1098 1871 1207 1926; x_wconf 83' lang='grc' dir='ltr'><strong><em>χάρις</em></strong></span> <span class='ocrx_word' id='word_1_322' title='bbox 1234 1870 1450 1924; x_wconf 70' lang='grc' dir='ltr'><strong><em>μετόπισθ’</em></strong></span> <span class='ocrx_word' id='word_1_323' title='bbox 1474 1870 1677 1928; x_wconf 70' lang='grc' dir='ltr'><strong><em>εὐεργέων.</em></strong></span> <span class='ocrx_word' id='word_1_324' title='bbox 1714 1871 1794 1913; x_wconf 90' lang='lat' dir='ltr'><strong>Od.</strong></span> <span class='ocrx_word' id='word_1_325' title='bbox 1816 1872 1917 1913; x_wconf 89' lang='lat' dir='ltr'><strong>VIII</strong></span> <span class='ocrx_word' id='word_1_326' title='bbox 1954 1873 2040 1912; x_wconf 91' lang='lat'><strong>209</strong></span> <span class='ocrx_word' id='word_1_327' title='bbox 2071 1872 2206 1913; x_wconf 81' lang='lat' dir='ltr'><strong>Ulixes</strong></span> <span class='ocrx_word' id='word_1_328' title='bbox 2236 1872 2357 1913; x_wconf 90' lang='lat' dir='ltr'><strong>haec:</strong></span> 
     </span>
     <span class='ocr_line' id='line_1_27' title="bbox 192 1934 2359 1992; baseline -0 -14"><span class='ocrx_word' id='word_1_329' title='bbox 192 1935 335 1992; x_wconf 74' lang='grc' dir='ltr'><strong><em>ἄφρων</em></strong></span> <span class='ocrx_word' id='word_1_330' title='bbox 356 1937 401 1990; x_wconf 73' lang='grc' dir='ltr'><strong>δὴ</strong></span> <span class='ocrx_word' id='word_1_331' title='bbox 422 1942 547 1982; x_wconf 86' lang='grc' dir='ltr'><strong><em>κεῖνος</em></strong></span> <span class='ocrx_word' id='word_1_332' title='bbox 570 1960 627 1966; x_wconf 89' lang='grc'><strong>--</strong></span> <span class='ocrx_word' id='word_1_333' title='bbox 651 1936 760 1982; x_wconf 87' lang='grc' dir='ltr'><strong><em>ὅστις</em></strong></span> <span class='ocrx_word' id='word_1_334' title='bbox 780 1935 989 1990; x_wconf 82' lang='grc' dir='ltr'><strong><em>ξεινοδόκῳ</em></strong></span> <span class='ocrx_word' id='word_1_335' title='bbox 1014 1937 1125 1991; x_wconf 72' lang='grc' dir='ltr'><strong><em>ἔριδα</em></strong></span> <span class='ocrx_word' id='word_1_336' title='bbox 1145 1939 1394 1991; x_wconf 81' lang='grc' dir='ltr'><strong><em>προφέρηται</em></strong></span> <span class='ocrx_word' id='word_1_337' title='bbox 1416 1935 1603 1986; x_wconf 70' lang='grc' dir='ltr'><strong><em>άὲθλων,</em></strong></span> <span class='ocrx_word' id='word_1_338' title='bbox 1635 1936 1744 1992; x_wconf 76' lang='grc' dir='ltr'><strong><em>δήμῳ</em></strong></span> <span class='ocrx_word' id='word_1_339' title='bbox 1767 1938 1812 1978; x_wconf 80' lang='grc' dir='ltr'><strong><em>ἐν</em></strong></span> <span class='ocrx_word' id='word_1_340' title='bbox 1833 1935 2069 1991; x_wconf 70' lang='grc' dir='ltr'><strong><em>ἀλλοδαπῷ·</em></strong></span> <span class='ocrx_word' id='word_1_341' title='bbox 2101 1939 2143 1978; x_wconf 77' lang='grc' dir='ltr'><strong><em>ἑό</em></strong></span> <span class='ocrx_word' id='word_1_342' title='bbox 2171 1934 2211 1976; x_wconf 77' lang='grc' dir='ltr'><strong>δ’</strong></span> <span class='ocrx_word' id='word_1_343' title='bbox 2234 1934 2359 1977; x_wconf 68' lang='grc' dir='ltr'><strong><em>αὐτοῦ</em></strong></span> 
     </span>
     <span class='ocr_line' id='line_1_28' title="bbox 192 1999 1372 2042; baseline -0.001 0"><span class='ocrx_word' id='word_1_344' title='bbox 192 2000 329 2042; x_wconf 89' lang='grc' dir='ltr'><strong><em>πάντα</em></strong></span> <span class='ocrx_word' id='word_1_345' title='bbox 350 1999 514 2041; x_wconf 84' lang='grc' dir='ltr'><strong><em>κολούει.</em></strong></span> <span class='ocrx_word' id='word_1_346' title='bbox 548 2000 627 2041; x_wconf 87' lang='lat' dir='ltr'><strong>Od.</strong></span> <span class='ocrx_word' id='word_1_347' title='bbox 649 2001 758 2041; x_wconf 87' lang='lat' dir='ltr'><strong>XVI.</strong></span> <span class='ocrx_word' id='word_1_348' title='bbox 783 2002 887 2041; x_wconf 89' lang='lat'><strong>424.</strong></span> <span class='ocrx_word' id='word_1_349' title='bbox 912 2002 1017 2041; x_wconf 91' lang='grc'><strong>441.</strong></span> <span class='ocrx_word' id='word_1_350' title='bbox 1049 2001 1093 2041; x_wconf 92' lang='grc' dir='ltr'><strong>ΙΙ.</strong></span> <span class='ocrx_word' id='word_1_351' title='bbox 1116 2001 1245 2041; x_wconf 91' lang='lat' dir='ltr'><strong>XVII.</strong></span> <span class='ocrx_word' id='word_1_352' title='bbox 1270 2002 1372 2041; x_wconf 90' lang='grc'><strong>670.</strong></span> 
     </span>
    </p>

    <p class='ocr_par' dir='ltr' id='par_1_4' title="bbox 192 2063 2357 2183">
     <span class='ocr_line' id='line_1_29' title="bbox 318 2063 2357 2119; baseline 0 -16"><span class='ocrx_word' id='word_1_353' title='bbox 318 2065 486 2114; x_wconf 90' lang='lat' dir='ltr'><strong>Verum,</strong></span> <span class='ocrx_word' id='word_1_354' title='bbox 519 2064 621 2103; x_wconf 91' lang='lat' dir='ltr'><strong>sicut</strong></span> <span class='ocrx_word' id='word_1_355' title='bbox 642 2063 860 2103; x_wconf 88' lang='lat' dir='ltr'><strong>secundum</strong></span> <span class='ocrx_word' id='word_1_356' title='bbox 884 2065 1093 2119; x_wconf 91' lang='lat' dir='ltr'><strong>aequitatis</strong></span> <span class='ocrx_word' id='word_1_357' title='bbox 1114 2065 1246 2119; x_wconf 90' lang='lat' dir='ltr'><strong>legem</strong></span> <span class='ocrx_word' id='word_1_358' title='bbox 1269 2071 1375 2115; x_wconf 90' lang='lat' dir='ltr'><strong>erat,</strong></span> <span class='ocrx_word' id='word_1_359' title='bbox 1407 2071 1452 2104; x_wconf 89' lang='lat' dir='ltr'><strong>ut</strong></span> <span class='ocrx_word' id='word_1_360' title='bbox 1473 2064 1672 2104; x_wconf 87' lang='lat' dir='ltr'><strong>beneficia</strong></span> <span class='ocrx_word' id='word_1_361' title='bbox 1704 2063 1971 2104; x_wconf 89' lang='lat' dir='ltr'><strong>redderentur</strong></span> <span class='ocrx_word' id='word_1_362' title='bbox 1992 2063 2068 2104; x_wconf 88' lang='lat' dir='ltr'><strong>Od.</strong></span> <span class='ocrx_word' id='word_1_363' title='bbox 2091 2064 2224 2104; x_wconf 87' lang='lat' dir='ltr'><strong>XXII.</strong></span> <span class='ocrx_word' id='word_1_364' title='bbox 2249 2064 2357 2115; x_wconf 83' lang='lat'><strong>373,</strong></span> 
     </span>
     <span class='ocr_line' id='line_1_30' title="bbox 192 2127 2356 2183; baseline -0.001 -14"><span class='ocrx_word' id='word_1_365' title='bbox 192 2129 250 2169; x_wconf 89' lang='lat' dir='ltr'><strong>sic</strong></span> <span class='ocrx_word' id='word_1_366' title='bbox 271 2128 474 2169; x_wconf 87' lang='lat' dir='ltr'><strong>maleficiis</strong></span> <span class='ocrx_word' id='word_1_367' title='bbox 495 2128 689 2168; x_wconf 85' lang='lat' dir='ltr'><strong>maleficia</strong></span> <span class='ocrx_word' id='word_1_368' title='bbox 713 2143 976 2181; x_wconf 89' lang='lat' dir='ltr'><strong>compensare</strong></span> <span class='ocrx_word' id='word_1_369' title='bbox 1006 2127 1091 2169; x_wconf 83' lang='lat' dir='ltr'><strong>fere</strong></span> <span class='ocrx_word' id='word_1_370' title='bbox 1114 2129 1255 2182; x_wconf 86' lang='lat' dir='ltr'><strong>religio</strong></span> <span class='ocrx_word' id='word_1_371' title='bbox 1285 2136 1390 2178; x_wconf 85' lang='lat' dir='ltr'><strong>erat,</strong></span> <span class='ocrx_word' id='word_1_372' title='bbox 1424 2135 1469 2168; x_wconf 87' lang='lat' dir='ltr'><strong>ut</strong></span> <span class='ocrx_word' id='word_1_373' title='bbox 1499 2129 1597 2168; x_wconf 89' lang='lat' dir='ltr'><strong>ultio</strong></span> <span class='ocrx_word' id='word_1_374' title='bbox 1628 2143 1703 2181; x_wconf 89' lang='lat' dir='ltr'><strong>pro</strong></span> <span class='ocrx_word' id='word_1_375' title='bbox 1736 2129 1829 2183; x_wconf 88' lang='lat' dir='ltr'><strong>lege</strong></span> <span class='ocrx_word' id='word_1_376' title='bbox 1860 2129 2091 2178; x_wconf 89' lang='lat' dir='ltr'><strong>haberetur,</strong></span> <span class='ocrx_word' id='word_1_377' title='bbox 2125 2143 2226 2181; x_wconf 92' lang='lat' dir='ltr'><strong>quae</strong></span> <span class='ocrx_word' id='word_1_378' title='bbox 2256 2142 2356 2168; x_wconf 91' lang='lat' dir='ltr'><strong>nun-</strong></span> 
     </span>
    </p>
   </div>
   <div class='ocr_carea' id='block_1_4' title="bbox 193 2191 2357 2313">
    <p class='ocr_par' dir='ltr' id='par_1_5' title="bbox 193 2191 2357 2313">
     <span class='ocr_line' id='line_1_31' title="bbox 193 2191 2355 2249; baseline -0 -16"><span class='ocrx_word' id='word_1_379' title='bbox 193 2206 311 2249; x_wconf 88' lang='lat' dir='ltr'><strong>quam</strong></span> <span class='ocrx_word' id='word_1_380' title='bbox 334 2191 500 2234; x_wconf 89' lang='lat' dir='ltr'><strong>deberet</strong></span> <span class='ocrx_word' id='word_1_381' title='bbox 520 2191 696 2248; x_wconf 88' lang='lat' dir='ltr'><strong>migrari.</strong></span> <span class='ocrx_word' id='word_1_382' title='bbox 729 2191 933 2233; x_wconf 89' lang='lat' dir='ltr'><strong>Menelaus</strong></span> <span class='ocrx_word' id='word_1_383' title='bbox 956 2193 1067 2233; x_wconf 91' lang='lat' dir='ltr'><strong>verbi</strong></span> <span class='ocrx_word' id='word_1_384' title='bbox 1089 2207 1229 2244; x_wconf 88' lang='lat' dir='ltr'><strong>causa,</strong></span> <span class='ocrx_word' id='word_1_385' title='bbox 1259 2192 1328 2233; x_wconf 92' lang='lat' dir='ltr'><strong>ubi</strong></span> <span class='ocrx_word' id='word_1_386' title='bbox 1349 2191 1522 2233; x_wconf 89' lang='lat' dir='ltr'><strong>Adrasto</strong></span> <span class='ocrx_word' id='word_1_387' title='bbox 1553 2192 1779 2247; x_wconf 89' lang='lat' dir='ltr'><strong>parciturus</strong></span> <span class='ocrx_word' id='word_1_388' title='bbox 1810 2199 1871 2234; x_wconf 90' lang='lat' dir='ltr'><strong>est</strong></span> <span class='ocrx_word' id='word_1_389' title='bbox 1898 2192 1943 2233; x_wconf 92' lang='lat' dir='ltr'><strong>Il.</strong></span> <span class='ocrx_word' id='word_1_390' title='bbox 1967 2192 2034 2234; x_wconf 87' lang='lat' dir='ltr'><strong>VI.</strong></span> <span class='ocrx_word' id='word_1_391' title='bbox 2059 2192 2139 2243; x_wconf 89' lang='lat'><strong>56,</strong></span> <span class='ocrx_word' id='word_1_392' title='bbox 2174 2192 2271 2232; x_wconf 90' lang='lat' dir='ltr'><strong>haec</strong></span> <span class='ocrx_word' id='word_1_393' title='bbox 2303 2192 2355 2232; x_wconf 92' lang='lat' dir='ltr'><strong>ab</strong></span> 
     </span>
     <span class='ocr_line' id='line_1_32' title="bbox 194 2256 2357 2313; baseline -0 -16"><span class='ocrx_word' id='word_1_394' title='bbox 194 2259 494 2313; x_wconf 83' lang='lat' dir='ltr'><strong>Agamemnone</strong></span> <span class='ocrx_word' id='word_1_395' title='bbox 533 2256 762 2295; x_wconf 88' lang='lat' dir='ltr'><strong>audiuntur:</strong></span> <span class='ocrx_word' id='word_1_396' title='bbox 817 2257 1004 2308; x_wconf 88' lang='lat' dir='ltr'><strong>„scilicet</strong></span> <span class='ocrx_word' id='word_1_397' title='bbox 1034 2256 1199 2311; x_wconf 90' lang='lat' dir='ltr'><strong>Trojani</strong></span> <span class='ocrx_word' id='word_1_398' title='bbox 1238 2257 1353 2296; x_wconf 87' lang='lat' dir='ltr'><strong>valde</strong></span> <span class='ocrx_word' id='word_1_399' title='bbox 1384 2257 1488 2296; x_wconf 92' lang='lat' dir='ltr'><strong>bene</strong></span> <span class='ocrx_word' id='word_1_400' title='bbox 1519 2258 1591 2296; x_wconf 90' lang='lat' dir='ltr'><strong>tibi</strong></span> <span class='ocrx_word' id='word_1_401' title='bbox 1620 2256 1849 2297; x_wconf 84' lang='lat' dir='ltr'><strong>fecerunt.“</strong></span> <span class='ocrx_word' id='word_1_402' title='bbox 1902 2258 2007 2296; x_wconf 86' lang='lat' dir='ltr'><strong>Tum</strong></span> <span class='ocrx_word' id='word_1_403' title='bbox 2046 2257 2108 2296; x_wconf 90' lang='lat' dir='ltr'><strong>ille</strong></span> <span class='ocrx_word' id='word_1_404' title='bbox 2142 2256 2357 2296; x_wconf 82' lang='lat' dir='ltr'><strong>Adrastum</strong></span> 
     </span>
    </p>
   </div>
   <div class='ocr_carea' id='block_1_5' title="bbox 192 2319 2359 3021">
    <p class='ocr_par' dir='ltr' id='par_1_6' title="bbox 192 2319 2359 3021">
     <span class='ocr_line' id='line_1_33' title="bbox 194 2319 2359 2374; baseline -0 -12"><span class='ocrx_word' id='word_1_405' title='bbox 194 2321 466 2362; x_wconf 89' lang='lat' dir='ltr'><strong>crudelissime</strong></span> <span class='ocrx_word' id='word_1_406' title='bbox 505 2329 639 2370; x_wconf 88' lang='lat' dir='ltr'><strong>necat,</strong></span> <span class='ocrx_word' id='word_1_407' title='bbox 679 2323 928 2374; x_wconf 85' lang='lat' dir='ltr'><strong>Agamemno</strong></span> <span class='ocrx_word' id='word_1_408' title='bbox 961 2329 1093 2361; x_wconf 90' lang='lat' dir='ltr'><strong>autem</strong></span> <span class='ocrx_word' id='word_1_409' title='bbox 1130 2325 1272 2373; x_wconf 80' lang='grc' dir='ltr'><strong><em>αἶ’σμια</em></strong></span> <span class='ocrx_word' id='word_1_410' title='bbox 1311 2328 1530 2372; x_wconf 81' lang='grc' dir='ltr'><strong><em>παρειπεῒν</em></strong></span> <span class='ocrx_word' id='word_1_411' title='bbox 1570 2322 1594 2361; x_wconf 89' lang='lat' dir='ltr'><strong>i.</strong></span> <span class='ocrx_word' id='word_1_412' title='bbox 1635 2337 1670 2361; x_wconf 92' lang='lat' dir='ltr'><strong>e.</strong></span> <span class='ocrx_word' id='word_1_413' title='bbox 1705 2323 1874 2361; x_wconf 89' lang='lat' dir='ltr'><strong>suasisse</strong></span> <span class='ocrx_word' id='word_1_414' title='bbox 1913 2322 2076 2370; x_wconf 81' lang='lat' dir='ltr'><strong>dicitur,</strong></span> <span class='ocrx_word' id='word_1_415' title='bbox 2115 2321 2221 2374; x_wconf 91' lang='lat' dir='ltr'><strong>quod</strong></span> <span class='ocrx_word' id='word_1_416' title='bbox 2250 2319 2359 2361; x_wconf 82' lang='lat' dir='ltr'><strong>ferat</strong></span> 
     </span>
     <span class='ocr_line' id='line_1_34' title="bbox 195 2383 2356 2440; baseline -0.001 -13"><span class='ocrx_word' id='word_1_417' title='bbox 195 2384 455 2427; x_wconf 89' lang='lat' dir='ltr'><strong>consuetudo.</strong></span> <span class='ocrx_word' id='word_1_418' title='bbox 487 2385 645 2426; x_wconf 88' lang='lat' dir='ltr'><strong>Antinoi</strong></span> <span class='ocrx_word' id='word_1_419' title='bbox 667 2385 790 2425; x_wconf 92' lang='lat' dir='ltr'><strong>occisi</strong></span> <span class='ocrx_word' id='word_1_420' title='bbox 812 2392 929 2440; x_wconf 89' lang='lat' dir='ltr'><strong>pater</strong></span> <span class='ocrx_word' id='word_1_421' title='bbox 950 2385 987 2426; x_wconf 90' lang='lat' dir='ltr'><strong>in</strong></span> <span class='ocrx_word' id='word_1_422' title='bbox 1013 2385 1205 2426; x_wconf 83' lang='lat' dir='ltr'><strong>concione</strong></span> <span class='ocrx_word' id='word_1_423' title='bbox 1228 2384 1305 2426; x_wconf 93' lang='lat' dir='ltr'><strong>Od.</strong></span> <span class='ocrx_word' id='word_1_424' title='bbox 1329 2385 1479 2426; x_wconf 85' lang='lat' dir='ltr'><strong>XXIV.</strong></span> <span class='ocrx_word' id='word_1_425' title='bbox 1504 2385 1596 2426; x_wconf 87' lang='lat'><strong>432</strong></span> <span class='ocrx_word' id='word_1_426' title='bbox 1622 2385 1671 2426; x_wconf 84' lang='lat' dir='ltr'><strong>cs.</strong></span> <span class='ocrx_word' id='word_1_427' title='bbox 1694 2401 1730 2427; x_wconf 78' lang='lat' dir='ltr'><strong>V.</strong></span> <span class='ocrx_word' id='word_1_428' title='bbox 1756 2386 1857 2427; x_wconf 88' lang='lat'><strong>326.</strong></span> <span class='ocrx_word' id='word_1_429' title='bbox 1893 2385 1971 2426; x_wconf 90' lang='lat' dir='ltr'><strong>Od.</strong></span> <span class='ocrx_word' id='word_1_430' title='bbox 1994 2385 2125 2425; x_wconf 89' lang='lat' dir='ltr'><strong>XXII.</strong></span> <span class='ocrx_word' id='word_1_431' title='bbox 2155 2385 2212 2424; x_wconf 88' lang='grc'><strong>62</strong></span> <span class='ocrx_word' id='word_1_432' title='bbox 2238 2383 2356 2425; x_wconf 88' lang='lat' dir='ltr'><strong>dicti-</strong></span> 
     </span>
     <span class='ocr_line' id='line_1_35' title="bbox 193 2448 2357 2505; baseline -0 -14"><span class='ocrx_word' id='word_1_433' title='bbox 193 2458 272 2502; x_wconf 91' lang='lat' dir='ltr'><strong>tat,</strong></span> <span class='ocrx_word' id='word_1_434' title='bbox 312 2449 564 2501; x_wconf 87' lang='lat' dir='ltr'><strong>Ithacenses,</strong></span> <span class='ocrx_word' id='word_1_435' title='bbox 597 2450 662 2504; x_wconf 92' lang='lat' dir='ltr'><strong>qui</strong></span> <span class='ocrx_word' id='word_1_436' title='bbox 692 2449 768 2490; x_wconf 89' lang='lat' dir='ltr'><strong>sint</strong></span> <span class='ocrx_word' id='word_1_437' title='bbox 808 2449 905 2490; x_wconf 90' lang='lat' dir='ltr'><strong>laesi</strong></span> <span class='ocrx_word' id='word_1_438' title='bbox 943 2464 1158 2504; x_wconf 89' lang='lat' dir='ltr'><strong>procorum</strong></span> <span class='ocrx_word' id='word_1_439' title='bbox 1195 2448 1329 2501; x_wconf 86' lang='lat' dir='ltr'><strong>clade,</strong></span> <span class='ocrx_word' id='word_1_440' title='bbox 1370 2464 1518 2505; x_wconf 88' lang='lat' dir='ltr'><strong>magna</strong></span> <span class='ocrx_word' id='word_1_441' title='bbox 1557 2450 1596 2490; x_wconf 92' lang='lat' dir='ltr'><strong>in</strong></span> <span class='ocrx_word' id='word_1_442' title='bbox 1636 2465 1794 2491; x_wconf 92' lang='lat' dir='ltr'><strong>omnem</strong></span> <span class='ocrx_word' id='word_1_443' title='bbox 1830 2450 2099 2504; x_wconf 89' lang='lat' dir='ltr'><strong>posteritatem</strong></span> <span class='ocrx_word' id='word_1_444' title='bbox 2135 2448 2357 2503; x_wconf 85' lang='lat' dir='ltr'><strong>ignominia</strong></span> 
     </span>
     <span class='ocr_line' id='line_1_36' title="bbox 194 2513 2354 2571; baseline -0 -15"><span class='ocrx_word' id='word_1_445' title='bbox 194 2528 399 2571; x_wconf 87' lang='lat' dir='ltr'><strong>aspersum</strong></span> <span class='ocrx_word' id='word_1_446' title='bbox 428 2514 497 2566; x_wconf 90' lang='lat' dir='ltr'><strong>iri,</strong></span> <span class='ocrx_word' id='word_1_447' title='bbox 531 2515 562 2554; x_wconf 90' lang='lat' dir='ltr'><strong>si</strong></span> <span class='ocrx_word' id='word_1_448' title='bbox 594 2515 776 2555; x_wconf 90' lang='lat' dir='ltr'><strong>ultionem</strong></span> <span class='ocrx_word' id='word_1_449' title='bbox 809 2515 1137 2570; x_wconf 85' lang='lat' dir='ltr'><strong>praetermittant.</strong></span> <span class='ocrx_word' id='word_1_450' title='bbox 1180 2513 1293 2555; x_wconf 91' lang='lat' dir='ltr'><strong>Idem</strong></span> <span class='ocrx_word' id='word_1_451' title='bbox 1322 2515 1446 2567; x_wconf 91' lang='lat' dir='ltr'><strong>mori,</strong></span> <span class='ocrx_word' id='word_1_452' title='bbox 1480 2529 1600 2570; x_wconf 89' lang='lat' dir='ltr'><strong>quam</strong></span> <span class='ocrx_word' id='word_1_453' title='bbox 1629 2515 1818 2556; x_wconf 90' lang='lat' dir='ltr'><strong>ultionem</strong></span> <span class='ocrx_word' id='word_1_454' title='bbox 1847 2513 2164 2570; x_wconf 87' lang='lat' dir='ltr'><strong>praetermittere</strong></span> <span class='ocrx_word' id='word_1_455' title='bbox 2195 2513 2354 2555; x_wconf 78' lang='lat' dir='ltr'><strong>mamlt.</strong></span> 
     </span>
     <span class='ocr_line' id='line_1_37' title="bbox 193 2577 2354 2633; baseline -0.001 -14"><span class='ocrx_word' id='word_1_456' title='bbox 193 2581 333 2633; x_wconf 87' lang='lat' dir='ltr'><strong>Lycao</strong></span> <span class='ocrx_word' id='word_1_457' title='bbox 356 2579 447 2618; x_wconf 91' lang='lat' dir='ltr'><strong>ideo</strong></span> <span class='ocrx_word' id='word_1_458' title='bbox 471 2580 544 2617; x_wconf 91' lang='lat' dir='ltr'><strong>sibi</strong></span> <span class='ocrx_word' id='word_1_459' title='bbox 566 2580 611 2618; x_wconf 92' lang='lat' dir='ltr'><strong>Il.</strong></span> <span class='ocrx_word' id='word_1_460' title='bbox 633 2580 744 2619; x_wconf 91' lang='lat' dir='ltr'><strong>XXI.</strong></span> <span class='ocrx_word' id='word_1_461' title='bbox 768 2580 827 2618; x_wconf 87' lang='grc'><strong>95</strong></span> <span class='ocrx_word' id='word_1_462' title='bbox 851 2581 971 2618; x_wconf 76' lang='lat' dir='ltr'><strong>vitam</strong></span> <span class='ocrx_word' id='word_1_463' title='bbox 993 2593 1081 2618; x_wconf 90' lang='lat' dir='ltr'><strong>esse</strong></span> <span class='ocrx_word' id='word_1_464' title='bbox 1104 2580 1420 2618; x_wconf 83' lang='lat' dir='ltr'><strong>condonaturum</strong></span> <span class='ocrx_word' id='word_1_465' title='bbox 1443 2581 1636 2619; x_wconf 90' lang='lat' dir='ltr'><strong>Achillem</strong></span> <span class='ocrx_word' id='word_1_466' title='bbox 1659 2588 1812 2633; x_wconf 90' lang='lat' dir='ltr'><strong>sperat,</strong></span> <span class='ocrx_word' id='word_1_467' title='bbox 1845 2579 1952 2632; x_wconf 92' lang='lat' dir='ltr'><strong>quod</strong></span> <span class='ocrx_word' id='word_1_468' title='bbox 1977 2577 2238 2631; x_wconf 80' lang='grc' dir='ltr'><strong><em>ὁμογάστριος</em></strong></span> <span class='ocrx_word' id='word_1_469' title='bbox 2265 2580 2354 2617; x_wconf 90' lang='lat' dir='ltr'><strong>He-</strong></span> 
     </span>
     <span class='ocr_line' id='line_1_38' title="bbox 194 2642 2356 2698; baseline -0.001 -11"><span class='ocrx_word' id='word_1_470' title='bbox 194 2644 316 2687; x_wconf 88' lang='lat' dir='ltr'><strong>ctoris</strong></span> <span class='ocrx_word' id='word_1_471' title='bbox 346 2659 427 2685; x_wconf 90' lang='lat' dir='ltr'><strong>non</strong></span> <span class='ocrx_word' id='word_1_472' title='bbox 456 2643 525 2695; x_wconf 90' lang='lat' dir='ltr'><strong>sit,</strong></span> <span class='ocrx_word' id='word_1_473' title='bbox 557 2643 734 2686; x_wconf 86' lang='lat' dir='ltr'><strong>Patrocli</strong></span> <span class='ocrx_word' id='word_1_474' title='bbox 761 2642 1041 2685; x_wconf 85' lang='lat' dir='ltr'><strong>iuterfectoris.</strong></span> <span class='ocrx_word' id='word_1_475' title='bbox 1095 2643 1161 2684; x_wconf 90' lang='lat' dir='ltr'><strong>Dii</strong></span> <span class='ocrx_word' id='word_1_476' title='bbox 1193 2643 1267 2698; x_wconf 84' lang='lat' dir='ltr'><strong>ipsi</strong></span> <span class='ocrx_word' id='word_1_477' title='bbox 1297 2642 1489 2685; x_wconf 89' lang='lat' dir='ltr'><strong>ultionem</strong></span> <span class='ocrx_word' id='word_1_478' title='bbox 1521 2644 1806 2686; x_wconf 89' lang='lat' dir='ltr'><strong>maleficiorum</strong></span> <span class='ocrx_word' id='word_1_479' title='bbox 1830 2650 2017 2697; x_wconf 87' lang='lat' dir='ltr'><strong>exoptant</strong></span> <span class='ocrx_word' id='word_1_480' title='bbox 2039 2642 2118 2684; x_wconf 91' lang='lat' dir='ltr'><strong>Od.</strong></span> <span class='ocrx_word' id='word_1_481' title='bbox 2141 2643 2173 2684; x_wconf 94' lang='grc' dir='ltr'><strong>Ι.</strong></span> <span class='ocrx_word' id='word_1_482' title='bbox 2199 2643 2288 2684; x_wconf 89' lang='grc'><strong>266</strong></span> <span class='ocrx_word' id='word_1_483' title='bbox 2313 2649 2356 2685; x_wconf 90' lang='lat' dir='ltr'><strong>et</strong></span> 
     </span>
     <span class='ocr_line' id='line_1_39' title="bbox 195 2708 2356 2765; baseline -0 -16"><span class='ocrx_word' id='word_1_484' title='bbox 195 2709 309 2760; x_wconf 86' lang='lat'><strong>294,</strong></span> <span class='ocrx_word' id='word_1_485' title='bbox 340 2709 408 2748; x_wconf 91' lang='lat' dir='ltr'><strong>ubi</strong></span> <span class='ocrx_word' id='word_1_486' title='bbox 437 2709 614 2749; x_wconf 89' lang='lat' dir='ltr'><strong>Minerva</strong></span> <span class='ocrx_word' id='word_1_487' title='bbox 637 2708 900 2749; x_wconf 86' lang='lat' dir='ltr'><strong>Telemacho:</strong></span> <span class='ocrx_word' id='word_1_488' title='bbox 934 2708 1162 2764; x_wconf 72' lang='grc' dir='ltr'><strong><em>φράζεσθαι</em></strong></span> <span class='ocrx_word' id='word_1_489' title='bbox 1193 2709 1239 2762; x_wconf 75' lang='grc' dir='ltr'><strong>δὴ</strong></span> <span class='ocrx_word' id='word_1_490' title='bbox 1271 2708 1412 2749; x_wconf 69' lang='grc' dir='ltr'><strong><em>ἔπειτα</em></strong></span> <span class='ocrx_word' id='word_1_491' title='bbox 1440 2710 1544 2749; x_wconf 79' lang='grc' dir='ltr'><strong><em>κατὰ</em></strong></span> <span class='ocrx_word' id='word_1_492' title='bbox 1574 2713 1706 2765; x_wconf 77' lang='grc' dir='ltr'><strong><em>φρένα</em></strong></span> <span class='ocrx_word' id='word_1_493' title='bbox 1733 2713 1796 2749; x_wconf 84' lang='grc' dir='ltr'><strong>καὶ</strong></span> <span class='ocrx_word' id='word_1_494' title='bbox 1821 2709 1924 2748; x_wconf 77' lang='grc' dir='ltr'><strong><em>κατὰ</em></strong></span> <span class='ocrx_word' id='word_1_495' title='bbox 1950 2708 2107 2759; x_wconf 74' lang='grc' dir='ltr'><strong><em>θυμὸν,</em></strong></span> <span class='ocrx_word' id='word_1_496' title='bbox 2141 2708 2282 2753; x_wconf 85' lang='grc' dir='ltr'><strong><em>ὅππως</em></strong></span> <span class='ocrx_word' id='word_1_497' title='bbox 2311 2723 2356 2749; x_wconf 88' lang='grc' dir='ltr'><strong>κε</strong></span> 
     </span>
     <span class='ocr_line' id='line_1_40' title="bbox 192 2771 2355 2829; baseline -0.001 -14"><span class='ocrx_word' id='word_1_498' title='bbox 192 2777 417 2828; x_wconf 76' lang='grc' dir='ltr'><strong><em>μνηστῆρας</em></strong></span> <span class='ocrx_word' id='word_1_499' title='bbox 444 2774 504 2815; x_wconf 78' lang='grc' dir='ltr'><strong><em>ἐνὶ</em></strong></span> <span class='ocrx_word' id='word_1_500' title='bbox 532 2772 739 2827; x_wconf 89' lang='grc' dir='ltr'><strong><em>μεγάροισι</em></strong></span> <span class='ocrx_word' id='word_1_501' title='bbox 766 2778 890 2814; x_wconf 84' lang='grc' dir='ltr'><strong><em>τεοῖσι</em></strong></span> <span class='ocrx_word' id='word_1_502' title='bbox 920 2777 1091 2829; x_wconf 80' lang='grc' dir='ltr'><strong><em>κτείνῃς,</em></strong></span> <span class='ocrx_word' id='word_1_503' title='bbox 1125 2771 1167 2826; x_wconf 80' lang='grc' dir='ltr'><strong>ἦὲ</strong></span> <span class='ocrx_word' id='word_1_504' title='bbox 1200 2772 1302 2826; x_wconf 78' lang='grc' dir='ltr'><strong><em>δόλῳ</em></strong></span> <span class='ocrx_word' id='word_1_505' title='bbox 1333 2772 1355 2826; x_wconf 84' lang='grc' dir='ltr'><strong><em>ἢ</em></strong></span> <span class='ocrx_word' id='word_1_506' title='bbox 1387 2771 1602 2827; x_wconf 74' lang='grc' dir='ltr'><strong><em>ἇμφαδόνς</em></strong></span> <span class='ocrx_word' id='word_1_507' title='bbox 1637 2773 1685 2815; x_wconf 89' lang='lat' dir='ltr'><strong>cf.</strong></span> <span class='ocrx_word' id='word_1_508' title='bbox 1717 2772 1792 2813; x_wconf 91' lang='lat' dir='ltr'><strong>Od.</strong></span> <span class='ocrx_word' id='word_1_509' title='bbox 1824 2773 1898 2812; x_wconf 86' lang='lat' dir='ltr'><strong>HI.</strong></span> <span class='ocrx_word' id='word_1_510' title='bbox 1934 2772 2035 2812; x_wconf 87' lang='lat'><strong>195.</strong></span> <span class='ocrx_word' id='word_1_511' title='bbox 2068 2773 2171 2811; x_wconf 90' lang='grc'><strong>204.</strong></span> <span class='ocrx_word' id='word_1_512' title='bbox 2212 2773 2293 2812; x_wconf 84' lang='lat' dir='ltr'><strong>Aut</strong></span> <span class='ocrx_word' id='word_1_513' title='bbox 2320 2772 2355 2813; x_wconf 90' lang='lat' dir='ltr'><strong>si</strong></span> 
     </span>
     <span class='ocr_line' id='line_1_41' title="bbox 194 2833 2354 2893; baseline -0 -15"><span class='ocrx_word' id='word_1_514' title='bbox 194 2852 312 2893; x_wconf 92' lang='lat' dir='ltr'><strong>quem</strong></span> <span class='ocrx_word' id='word_1_515' title='bbox 341 2851 415 2891; x_wconf 87' lang='lat' dir='ltr'><strong>per</strong></span> <span class='ocrx_word' id='word_1_516' title='bbox 444 2835 555 2878; x_wconf 85' lang='lat' dir='ltr'><strong>nefas</strong></span> <span class='ocrx_word' id='word_1_517' title='bbox 585 2844 768 2878; x_wconf 88' lang='lat' dir='ltr'><strong>necatum</strong></span> <span class='ocrx_word' id='word_1_518' title='bbox 800 2836 923 2878; x_wconf 87' lang='lat' dir='ltr'><strong>caede</strong></span> <span class='ocrx_word' id='word_1_519' title='bbox 952 2837 1089 2877; x_wconf 90' lang='lat' dir='ltr'><strong>ulcisci</strong></span> <span class='ocrx_word' id='word_1_520' title='bbox 1121 2837 1336 2877; x_wconf 89' lang='lat' dir='ltr'><strong>necessarii</strong></span> <span class='ocrx_word' id='word_1_521' title='bbox 1358 2851 1439 2877; x_wconf 91' lang='lat' dir='ltr'><strong>non</strong></span> <span class='ocrx_word' id='word_1_522' title='bbox 1461 2845 1670 2891; x_wconf 83' lang='lat' dir='ltr'><strong>poterant,</strong></span> <span class='ocrx_word' id='word_1_523' title='bbox 1703 2835 1847 2889; x_wconf 75' lang='grc' dir='ltr'><strong><em>ποινήν</em></strong></span> <span class='ocrx_word' id='word_1_524' title='bbox 1876 2842 1985 2879; x_wconf 89' lang='lat' dir='ltr'><strong>certe</strong></span> <span class='ocrx_word' id='word_1_525' title='bbox 2008 2836 2057 2874; x_wconf 93' lang='lat' dir='ltr'><strong>ab</strong></span> <span class='ocrx_word' id='word_1_526' title='bbox 2088 2833 2354 2877; x_wconf 89' lang='lat' dir='ltr'><strong>interfectore</strong></span> 
     </span>
     <span class='ocr_line' id='line_1_42' title="bbox 193 2899 2355 2956; baseline -0 -13"><span class='ocrx_word' id='word_1_527' title='bbox 193 2901 432 2956; x_wconf 85' lang='lat' dir='ltr'><strong>expetebant</strong></span> <span class='ocrx_word' id='word_1_528' title='bbox 453 2901 498 2942; x_wconf 96' lang='lat' dir='ltr'><strong>Il.</strong></span> <span class='ocrx_word' id='word_1_529' title='bbox 521 2901 593 2942; x_wconf 89' lang='lat' dir='ltr'><strong>IX.</strong></span> <span class='ocrx_word' id='word_1_530' title='bbox 618 2901 722 2942; x_wconf 85' lang='lat'><strong>632.</strong></span> <span class='ocrx_word' id='word_1_531' title='bbox 755 2901 922 2942; x_wconf 89' lang='lat' dir='ltr'><strong>Achilles</strong></span> <span class='ocrx_word' id='word_1_532' title='bbox 944 2900 1049 2955; x_wconf 91' lang='lat' dir='ltr'><strong>ipse,</strong></span> <span class='ocrx_word' id='word_1_533' title='bbox 1083 2915 1203 2955; x_wconf 91' lang='lat' dir='ltr'><strong>quum</strong></span> <span class='ocrx_word' id='word_1_534' title='bbox 1225 2901 1375 2941; x_wconf 89' lang='lat' dir='ltr'><strong>Priami</strong></span> <span class='ocrx_word' id='word_1_535' title='bbox 1406 2903 1594 2956; x_wconf 89' lang='lat' dir='ltr'><strong>precibus</strong></span> <span class='ocrx_word' id='word_1_536' title='bbox 1625 2902 1692 2941; x_wconf 81' lang='lat' dir='ltr'><strong>filii</strong></span> <span class='ocrx_word' id='word_1_537' title='bbox 1724 2900 1896 2940; x_wconf 82' lang='lat' dir='ltr'><strong>cadaver</strong></span> <span class='ocrx_word' id='word_1_538' title='bbox 1925 2899 2192 2940; x_wconf 89' lang='lat' dir='ltr'><strong>concessisset</strong></span> <span class='ocrx_word' id='word_1_539' title='bbox 2222 2915 2355 2955; x_wconf 89' lang='lat' dir='ltr'><strong>eoque</strong></span> 
     </span>
     <span class='ocr_line' id='line_1_43' title="bbox 192 2962 2354 3021; baseline 0 -15"><span class='ocrx_word' id='word_1_540' title='bbox 192 2965 394 3007; x_wconf 87' lang='lat' dir='ltr'><strong>dimidiam</strong></span> <span class='ocrx_word' id='word_1_541' title='bbox 414 2972 567 3007; x_wconf 89' lang='lat' dir='ltr'><strong>tantum</strong></span> <span class='ocrx_word' id='word_1_542' title='bbox 589 2966 699 3020; x_wconf 87' lang='lat' dir='ltr'><strong>quasi</strong></span> <span class='ocrx_word' id='word_1_543' title='bbox 724 2966 879 3007; x_wconf 90' lang='lat' dir='ltr'><strong>ultionis</strong></span> <span class='ocrx_word' id='word_1_544' title='bbox 900 2973 1054 3020; x_wconf 89' lang='lat' dir='ltr'><strong>partem</strong></span> <span class='ocrx_word' id='word_1_545' title='bbox 1076 2965 1295 3020; x_wconf 87' lang='lat' dir='ltr'><strong>exegisset,</strong></span> <span class='ocrx_word' id='word_1_546' title='bbox 1317 2980 1398 3007; x_wconf 91' lang='lat' dir='ltr'><strong>non</strong></span> <span class='ocrx_word' id='word_1_547' title='bbox 1420 2981 1564 3021; x_wconf 88' lang='lat' dir='ltr'><strong>preces</strong></span> <span class='ocrx_word' id='word_1_548' title='bbox 1587 2965 1854 3020; x_wconf 88' lang='lat' dir='ltr'><strong>indulgentiae</strong></span> <span class='ocrx_word' id='word_1_549' title='bbox 1876 2979 2036 3004; x_wconf 91' lang='lat' dir='ltr'><strong>causam</strong></span> <span class='ocrx_word' id='word_1_550' title='bbox 2058 2962 2181 3005; x_wconf 85' lang='lat' dir='ltr'><strong>fuisse</strong></span> <span class='ocrx_word' id='word_1_551' title='bbox 2204 2965 2354 3020; x_wconf 89' lang='lat' dir='ltr'><strong>prodit,</strong></span> 
     </span>
    </p>
   </div>
  </div>
 </body>
</html>
