2578 3373
1029 243 1593 292 *ll-„—

223 371 433 408 sumuntur
466 361 544 418 (cf.
576 361 839 416 Schmalfeld‚
873 362 1230 419 Commentationis
1261 361 1313 405 de
1341 362 1450 406 Fato
1478 361 1705 405 Homerico
1744 360 1941 417 particula
1971 359 2004 403 I.
2045 360 2235 405 Eisleben
2274 361 2404 407 1836.

225 444 320 485 pag.
341 427 398 486 4)
433 428 539 468 hunc
560 429 824 483 principatum
846 429 1033 470 videntur
1052 430 1235 479 firmare,
1267 428 1359 482 quia
1380 441 1503 469 voces
1524 434 1607 468 tam
1638 427 1852 481 singularis
1882 427 2184 482 significationis
2214 429 2405 483 propriae

224 495 264 535 in
287 493 547 547 appellativas
569 493 631 533 vix
654 494 818 542 abeant,
852 493 948 547 quin
970 493 1049 532 vim
1070 506 1182 532 suam
1204 492 1432 545 primariam
1454 499 1496 533 et
1517 491 1855 546 significationem
1877 492 2084 532 retineant.
2116 492 2237 532 Licet
2266 492 2404 547 igitur.

224 566 269 599 ut
298 556 523 612 exemplum
552 557 784 609 afferamus,
826 556 872 598 11.
903 556 1013 599 XVI.
1049 556 1161 597 708:
1191 553 1240 598 οὔ
1268 554 1315 597 νύ
1343 572 1406 597 τοι
1434 558 1537 601 αἶσα
1566 560 1628 611 σῷ
1657 552 1739 596 ὑπὸ
1770 555 1881 609 δουρὶ
1908 555 2029 597 πόλιν
2058 559 2214 610 πέρθαι
2249 556 2404 612 Τρώων

224 622 319 663 nihil
341 620 448 662 aliud
471 635 519 662 ac
539 621 737 677 μόρσιμόν
757 622 845 663 ἐστι
866 621 1140 677 significetur,
1171 626 1303 661 tamen
1334 627 1375 662 et
1402 620 1505 662 haec
1535 619 1773 662 subauditur
1800 619 2062 675 significatio,
2095 626 2138 661 ut
2165 620 2270 663 istud
2301 622 2404 666 nulli

226 687 290 727 alii
312 687 527 726 obnoxium
549 687 756 740 potestati,
779 685 996 727 inevitabili
1017 685 1112 725 Fati
1133 686 1372 725 necessitate
1395 686 1445 726 sit
1467 686 1738 726 constitutum.
1773 684 1908 724 Nihilo
1931 686 2058 724 minus
2079 692 2211 725 tamen
2234 687 2403 728 addubi—

224 751 301 792 tari
333 764 413 791 non
443 757 596 806 potest,
637 751 729 806 quin
761 764 852 792 cum
888 749 1035 793 ceteris
1065 748 1140 789 diis
1170 748 1328 803 Jupiter
1366 748 1407 791 in
1436 763 1550 802 suos,
1589 755 1635 790 ut
1669 748 1725 790 ita
1763 747 1914 799 dicam,
1961 748 2140 790 homines
2178 749 2405 794 dominetur

224 814 304 854 Od.
335 815 401 854 VI.
438 815 546 855 188:
586 816 682 860 Ζεὺς
711 813 830 859 αιἰτός
868 818 978 865 νέμει
1018 811 1138 864 ὄλβον
1163 811 1391 863 Ὀλύμπιος
1419 812 1726 868 ἀνθρώποισιν,
1768 813 1933 858 ἐσθλοῖς
1960 811 2026 866 ἧδὲ
2050 819 2256 863 κακοῖσιν,
2289 815 2403 862 ὅπως

224 881 415 936 ἐθέλῃσιν
444 878 611 932 ἑκάστῳ.
669 879 715 919 Il.
747 879 799 919 X.
834 880 913 918 71:
946 874 1027 918 ὧδέ
1053 890 1134 916 που
1173 874 1274 927 ἄμμι
1320 878 1417 922 Ζεὺς
1450 878 1520 917 ἐπὶ
1556 881 1851 928 γεινομένοισιν
1885 879 1939 916 ἵει
1975 876 2172 929 κακότητα
2210 883 2400 933 βαρεῖαν,

224 942 304 983 Od.
327 943 435 983 XVI.
460 944 573 983 447:
605 942 761 984 θεόθεν
782 940 891 983 ὃόὖκ
926 939 1008 981 ἔστ’
1037 938 1255 998 ἀλέασθαι.
1298 939 1361 981 Cf.
1384 947 1598 995 praeterea
1619 941 1666 981 Il.
1690 941 1800 981 VHI.
1829 941 1930 981 143.
1973 941 2051 982 Od.
2073 941 2149 982 111.
2175 943 2280 984 207.
2310 944 2400 985 XX.

230 1008 330 1047 196.
364 1007 409 1047 Il.
432 1007 539 1046 XIV.
564 1008 670 1047 465.
704 1006 787 1046 Sed
809 1006 878 1046 ubi
899 1005 1063 1045 tandem
1085 1011 1283 1045 terrarum
1304 1019 1416 1045 mens
1437 1005 1608 1045 humana
1630 1019 1806 1057 unquam
1825 1004 2056 1045 discernere
2072 1013 2184 1046 recte
2204 1008 2403 1062 planeque

224 1070 373 1125 potuit,
406 1068 501 1124 quid
531 1070 695 1110 sortium
718 1069 976 1110 humanarum
1004 1066 1139 1123 justae
1170 1066 1386 1121 divinitati,
1419 1068 1514 1124 quid
1543 1066 1639 1110 forti
1671 1065 1858 1109 fortunae
1887 1068 1938 1108 sit
1967 1068 2237 1111 tribuendum!
2276 1071 2401 1114 Certe

224 1135 492 1189 ingratissima
513 1148 696 1187 quaeque
718 1134 1047 1188 gratissimaque,
1080 1146 1185 1186 quae
1206 1146 1281 1172 nec
1302 1132 1504 1172 hominum
1525 1133 1699 1182 meritis,
1732 1146 1809 1172 nec
1834 1131 1970 1187 justae
1992 1133 2158 1174 deorum
2187 1135 2399 1188 providen-

224 1201 304 1240 tiae
334 1198 455 1239 tribui
485 1205 721 1251 potuerunt,
762 1213 810 1238 ea
844 1199 952 1239 omni
989 1196 1076 1238 fere
1106 1205 1288 1250 tempore
1321 1212 1370 1238 ex
1400 1199 1605 1238 numinum
1638 1197 1863 1237 divinorum
1902 1198 2070 1249 imperio
2100 1207 2257 1240 exemta
2287 1202 2399 1241 alteri

224 1262 372 1305 nomini
394 1261 717 1318 assignaverunt,
751 1276 828 1303 non
852 1261 981 1303 minus
1003 1266 1113 1303 tecto
1137 1267 1257 1317 atque
1279 1261 1473 1315 obscuro,
1506 1276 1627 1318 quam
1650 1276 1725 1302 eae
1747 1258 1863 1302 suere
1896 1261 2180 1317 cogitationes,
2214 1279 2317 1320 quae
2348 1265 2400 1307 de

224 1341 388 1369 casuum
410 1328 575 1367 istorum
596 1334 737 1367 natura
759 1327 892 1368 animo
916 1327 1088 1366 obortae
1109 1332 1209 1366 sunt.
1251 1326 1320 1366 Sic
1349 1326 1572 1367 hominibus
1594 1326 1828 1366 Homericis
1853 1324 1968 1380 juxta
1997 1327 2089 1368 Fati
2120 1330 2399 1371 necessitatem

224 1401 267 1433 et
287 1393 506 1446 potentiam
521 1392 633 1431 Jovis
656 1391 906 1445 deorumque
929 1405 1101 1445 regnum
1123 1391 1234 1444 quasi
1256 1391 1460 1431 conditum
1482 1398 1565 1441 est,
1588 1405 1669 1430 non
1693 1391 1866 1431 consciis
1888 1391 1962 1431 sibi
1983 1406 2115 1446 neque
2130 1395 2400 1434 constantibus

224 1456 277 1497 de
306 1456 511 1510 utriusque
541 1463 683 1496 natura
714 1462 784 1496 aut
813 1455 978 1507 finibus,
1011 1455 1079 1510 qui
1109 1455 1277 1509 posteris
1304 1455 1551 1510 temporibus
1592 1455 1648 1496 ita
1679 1455 1885 1496 constituti
1914 1463 2023 1506 sunt,
2068 1466 2109 1497 ut
2152 1471 2276 1510 penes
2304 1458 2397 1499 illud

223 1534 374 1561 summa
405 1533 538 1559 rerum
570 1527 689 1559 esset.
736 1520 800 1559 Ita
829 1520 931 1559 fieri·
947 1526 1129 1573 poterat,
1169 1525 1212 1558 ut
1243 1518 1411 1559 eandem
1440 1533 1546 1570 rem,
1587 1525 1709 1573 prout
1738 1526 1827 1559 erat
1856 1518 2057 1560 hominum
2087 1519 2268 1573 indoles,
2299 1536 2400 1563 nunc

223 1586 352 1633 Fato,
386 1598 489 1624 nunc
511 1590 674 1624 ceterae
697 1583 890 1624 divinitati
918 1584 1163 1632 tribuerent,
1195 1591 1314 1636 atque
1336 1590 1380 1624 ut
1409 1583 1546 1633 nobis,
1578 1583 1792 1636 tranquilla
1821 1590 1957 1624 mente
1985 1585 2192 1638 utriusque
2221 1593 2400 1627 naturam

224 1648 511 1698 scrutantibus,
545 1648 811 1702 repugnantia
834 1646 1033 1702 quaedam
1057 1647 1284 1697 exsisteret,
1317 1662 1435 1701 quam
1457 1646 1523 1687 illa
1555 1655 1689 1687 aetate
1720 1646 1870 1687 nullam
1902 1648 2277 1691 animadverterunt.
2316 1652 2399 1690 Nos

227 1719 359 1753 autem
381 1718 543 1767 oportet
564 1711 604 1751 id
626 1705 778 1753 tectum
801 1711 1050 1767 relinquere,
1084 1710 1191 1767 quod
1212 1706 1285 1752 illis
1305 1717 1455 1752 tectum
1479 1709 1572 1762 fuit,
1605 1725 1682 1752 nec
1705 1711 1880 1767 opinari,
1911 1711 2114 1765 homines,
2138 1712 2267 1769 aliqua
2288 1723 2401 1770 parte

226 1784 408 1831 agrestes
431 1784 472 1815 et
493 1776 687 1825 incultos,
719 1777 862 1815 mentis
893 1777 1112 1815 subtilitate
1143 1789 1267 1829 agere
1298 1777 1336 1814 in
1368 1776 1510 1825 rebus,
1551 1775 1604 1813 ad
1633 1776 1945 1816 discemendum
1975 1784 2095 1831 atque
2124 1779 2401 1819 nominandum

225 1839 474 1882 difficillimis.
524 1840 776 1894 Quamquam
806 1839 848 1881 id
880 1848 1036 1881 certum
1066 1847 1148 1890 est,
1188 1840 1281 1882 Fati
1316 1840 1477 1880 numina
1508 1855 1531 1880 a
1572 1848 1741 1880 naturae
1778 1842 1959 1893 partibus
1997 1843 2244 1894 potissimum
2282 1852 2400 1891 stare,

225 1905 393 1946 deorum
423 1904 473 1944 ab
505 1903 706 1945 hominum
737 1904 936 1957 moribus,
976 1903 1133 1945 illorum
1163 1917 1271 1956 esse,
1304 1917 1409 1959 quae
1439 1903 1570 1945 tristia
1600 1903 1698 1957 sint,
1741 1902 1905 1957 borum,
1938 1918 2042 1961 quae
2077 1905 2201 1959 laeta,
2232 1906 2400 1957 illorum,

225 1984 328 2024 quae
351 1970 479 2007 causis
502 1970 628 2006 minus
651 1970 799 2022 apertis
830 1970 1158 2022 proficiscantur,
1190 1969 1351 2018 horum,
1385 1982 1491 2023 quae
1513 1969 1676 2023 apertis.
1717 1969 1832 2008 Adeo
1864 1983 1961 2008 vero
1990 1984 2015 2008 a
2050 1971 2146 2021 diis,
2188 1971 2239 2011 ad
2267 1985 2401 2011 mores

225 2034 335 2088 quod
365 2035 523 2083 attinet,
553 2034 736 2086 ingratae
768 2048 834 2073 res
876 2034 1030 2073 alienae
1063 2040 1173 2082 sunt,
1215 2047 1317 2085 quae
1356 2033 1520 2085 quidem
1559 2034 1764 2073 hominum
1801 2035 1952 2073 meritis
1991 2049 2071 2074 non
2110 2035 2326 2085 debentur,
2359 2045 2403 2075 ut

226 2100 389 2150 δαίμοσι
411 2112 481 2138 sua
503 2097 621 2137 fieret
641 2096 868 2152 provincia,
900 2096 1039 2138 talium
1060 2112 1192 2138 rerum
1218 2096 1467 2148 auctoribus,
1501 2111 1623 2151 quum
1653 2097 1801 2139 Fatum
1832 2097 2044 2140 videretur
2076 2100 2263 2141 remotius
2297 2114 2402 2150 esse,

226 2176 345 2218 quam
367 2161 476 2218 quod
498 2168 539 2203 et
558 2161 790 2203 minutiores
812 2160 1015 2203 hominum
1036 2176 1152 2203 casus
1174 2159 1522 2203 animadverteret.
1555 2161 1626 2203 Sic
1658 2161 1893 2204 daemones.
1916 2163 2097 2217 proxime
2125 2163 2269 2206 Fatum
2298 2174 2404 2214 sunt,

226 2227 348 2267 malas
371 2241 436 2267 res
459 2228 667 2266 maximam
688 2232 844 2280 partem
866 2227 1099 2267 mortalibus
1129 2227 1377 2280 imponentes
1405 2239 1555 2280 easque
1586 2227 1836 2281 potissimum
1853 2257 1865 2278 ,
1898 2241 2001 2283 quae
2029 2235 2191 2283 praeter
2218 2229 2403 2270 meritum

228 2306 368 2332 eorum
391 2292 808 2345 exspectationemque
831 2292 1030 2332 eveniunt.
1073 2292 1178 2336 Quin
1201 2291 1320 2331 etiam
1351 2290 1431 2331 Od.
1460 2291 1508 2331 V.
1541 2292 1633 2332 396
1665 2293 1822 2343 δαίμων
1852 2300 1894 2332 et
1923 2297 2015 2334 θεοὶ
2046 2301 2299 2346 opponuntur
2328 2295 2403 2334 sibi

227 2356 415 2396 invicem:
457 2362 573 2410 pater
602 2354 761 2410 quidam
793 2355 898 2395 enim
928 2355 1070 2395 morbo
1102 2354 1269 2394 affectus
1292 2351 1425 2409 jacet,
1466 2356 1656 2410 στυγερὸς
1695 2357 1740 2396 δέ
1770 2356 1812 2397 οἵ
1837 2357 1956 2411 ἔχραε
1986 2357 2158 2409 δαίμων·
2190 2355 2404 2400 ἀσπάσιον

227 2420 347 2474 δ’ἄρα
379 2419 494 2469 τόνγε
523 2425 614 2461 θεοὶ
643 2419 854 2472 κακότητος
887 2421 1047 2460 ἔλυσαν.
1091 2419 1170 2459 Od.
1193 2419 1301 2459 XIV.
1334 2420 1424 2459 487
1449 2419 1634 2459 Eumaeo
1659 2420 1798 2461 Ulixes
1820 2420 1872 2460 de
1899 2428 2019 2461 nocte
2049 2420 2222 2474 quadam
2252 2431 2401 2465 narrat.

226 2500 306 2539 qua
344 2482 500 2538 frigore
538 2485 624 2538 ipse
661 2492 829 2525 mortem
866 2499 996 2537 paene
1035 2484 1288 2532 occubuerit;
1339 2498 1374 2524 V.
1414 2484 1529 2525 489:
1579 2485 1696 2538 παρά
1731 2484 1770 2536 μ’
1813 2484 1951 2538 ἤπαφε
1988 2487 2163 2535 δαίμων,
2205 2486 2401 2539 οἰοχίτων’

228 2547 417 2601 ἔμμεναιε
459 2546 575 2589 aliter
605 2548 708 2588 enim
735 2547 861 2587 visum
892 2554 955 2588 est
982 2547 1070 2587 fieri
1110 2561 1188 2586 non
1228 2546 1427 2601 potuisse,
1468 2554 1512 2587 ut
1551 2548 1633 2600 vir,
1685 2548 1916 2603 ceteroquin
1953 2547 2189 2602 providens,
2235 2554 2401 2600 χιτῶνος

226 2614 540 2652 oblivisceretur.
581 2612 662 2652 Od.
692 2612 803 2651 XIX.
837 2613 894 2650 10
925 2613 1028 2651 bene
1059 2610 1218 2665 quidem
1257 2611 1412 2662 δαίμων
1450 2611 1543 2651 τόδε
1581 2617 1719 2663 μεῖζον
1754 2612 1996 2652 Telemacho
2028 2613 2246 2664 consuluit,
2290 2613 2401 2667 quod

226 2684 370 2717 auctor
390 2675 541 2726 fuerat,
573 2683 618 2716 ut
639 2690 749 2716 arma
770 2681 1090 2725 removerentur,
1113 2688 1217 2728 quae
1239 2675 1315 2714 rite
1337 2675 1376 2715 in
1400 2675 1576 2716 virorum
1599 2677 1777 2717 manibus
1800 2683 1934 2725 erant,
1962 2675 2034 2716 sed
2056 2677 2230 2729 pessime
2251 2678 2401 2730 procis.

227 2740 341 2782 Idem
364 2747 426 2782 est
448 2739 527 2781 Od.
548 2739 663 2781 XIX.
691 2740 778 2782 138
801 2738 853 2781 de
874 2738 1100 2794 Penelope:
1133 2742 1263 2794 φᾶρος
1282 2742 1358 2791 μέν
1387 2754 1456 2792 μοι
1488 2743 1654 2795 πρῶτον
1681 2742 1897 2783 ἐνέπνευσε
1927 2745 2047 2793 φρεσὶ
2077 2740 2256 2792 δαίμων,
2291 2742 2404 2796 quod

226 2809 355 2860 φᾶρος
382 2805 614 2860 Penelopae
655 2805 794 2856 saluti,
830 2803 963 2859 procis
1000 2803 1193 2858 perniciei
1232 2801 1316 2844 fuit.
1372 2803 1510 2843 Simile
1550 2805 1647 2860 quid
1677 2803 1754 2844 Od.
1789 2804 1897 2844 XVI.
1930 2805 2034 2845 370.
2088 2804 2272 2860 Reliquis
2304 2806 2405 2848 locis

227 2870 398 2912 adversa
428 2869 589 2911 fortuna
617 2869 749 2924 aliqua
780 2886 803 2910 a
833 2869 1091 2910 daemonibus
1112 2868 1355 2909 immittitur:
1389 2868 1469 2910 Od.
1500 2870 1569 2911 VI.
1598 2872 1650 2911 17
1658 2871 1696 2910 2.
1730 2869 1782 2910 X.
1807 2870 1878 2909 64.
1912 2870 1985 2909 XI.
2015 2870 2120 2911 587.
2152 2870 2265 2912 XIV.
2299 2873 2403 2913 242.

228 2935 334 2977 487.
366 2935 462 2977 XII.
488 2936 591 2976 295.
623 2933 733 2975 XVI.
758 2936 831 2977 64.
853 2933 1003 2976 XVIII.
1027 2933 1099 2975 37.
1127 2932 1229 2977 143.
1255 2933 1360 2975 256.
1382 2933 1499 2976 XIX.
1526 2936 1627 2976 129.
1652 2934 1756 2975 201.
1781 2934 1885 2975 512.
1907 2933 2001 2975 XX.
2025 2934 2099 2976 86.
2121 2934 2275 2978 XXIV.
2299 2937 2403 2979 306.

2126 3017 2179 3055 2.
