2578 3373
1262 244 1320 288 13

201 364 380 422 vestigiis
402 363 455 406 ad
476 361 768 406 informandum
789 364 864 406 sibi
887 365 1061 406 omnium
1092 364 1277 405 virtutum
1310 362 1536 419 exemplar,
1569 368 1638 404 aut
1659 361 1722 403 his
1753 361 1806 403 ad
1835 361 2124 404 imminuendas
2156 375 2272 403 veras
2300 362 2378 403 vir-

201 437 307 471 tutes
329 431 564 470 abutentur:
596 430 652 469 sin
684 431 903 480 tenuerint,
929 428 1046 483 juxta
1074 429 1171 467 satis
1200 430 1371 484 egregia
1400 428 1557 468 virtutis
1585 434 1808 483 praecepta
1835 428 1988 482 turpia,
2027 434 2139 468 certe
2169 427 2381 468 inhonesta

201 495 303 550 legi,
336 509 417 535 non
438 493 748 535 admirabuntur.
789 494 874 534 Sed
897 493 950 533 ad
980 493 1082 533 deos
1104 493 1352 534 revertimur.
1394 492 1516 539 Quod
1548 493 1654 533 enim
1686 491 1761 532 diis
1789 506 1910 546 supra
1939 506 2078 533 verum
2107 491 2234 533 decus
2265 491 2381 532 addi-

202 559 368 609 derunt,
400 557 565 598 virtutes
597 573 674 598 non
698 557 872 612 majores
902 556 1056 597 addere
1084 562 1319 610 potuerunt,
1350 571 1469 611 quam
1499 571 1589 608 eas,
1623 556 1767 611 quibus
1796 556 2021 596 mortalium
2050 556 2381 610 praestantissimi

201 622 472 673 excellebant,
501 629 664 677 praeter
693 623 871 663 acriores
901 635 1062 671 sensus,
1095 620 1236 675 quibus
1268 619 1460 676 majorem
1490 635 1626 662 rerum
1656 627 1912 661 externarum
1942 620 2100 675 copiam
2127 620 2168 661 in
2197 636 2242 662 se
2274 620 2379 661 reci-

202 695 358 742 perent.
392 688 551 741 Corpus
575 696 709 727 autem
729 702 830 741 prae
851 687 1011 740 primiS,
1045 699 1165 738 quum
1188 684 1333 738 majus,
1364 686 1585 739 pulchrius,
1619 686 1780 739 longius
1803 685 1953 724 durans
1975 686 2219 738 acciperent,
2251 684 2377 739 majo-

201 766 286 792 rem
310 751 448 801 etiam,
481 757 619 791 nostro
643 757 756 792 certo
773 749 951 804 judicio,
985 748 1241 788 vitiositatem
1272 750 1379 789 nacti
1401 741 1512 800 sunt,
1546 748 1737 803 quodque
1760 755 1936 799 rectum,
1969 749 2137 799 bonum,
2169 749 2377 803 pulchrum

200 816 241 856 in
270 815 317 856 iis
347 815 636 866 accumulatur,
680 814 721 856 id
750 828 939 870 magnam
970 818 1128 867 partem
1159 811 1362 864 eximitur,
1405 827 1524 869 quum
1552 813 1728 854 humano
1766 827 1881 853 more
1912 812 2123 868 loquentes
2158 820 2378 868 agentesve

201 879 525 931 introducuntur,
558 880 613 919 ita
635 885 699 931 ut,
734 892 813 934 quo
837 879 1005 934 quisque
1026 876 1179 931 magis,
1211 890 1263 916 ne
1283 877 1386 917 Jove
1415 878 1575 932 quidem
1606 884 1799 932 excepto,
1831 890 1967 931 rerum
1995 877 2258 917 humanarum
2286 890 2376 933 par-

200 952 282 984 tem
305 945 431 998 capit,
464 958 513 983 eo
536 944 665 997 magis
688 959 737 983 ex
759 944 825 982 illo
849 941 1109 995 perfectionis
1131 939 1293 994 fastigio
1316 941 1572 994 deprimatur.
1605 942 1722 982 Adeo
1745 956 1883 981 verum
1906 950 1988 991 est,
2011 942 2111 982 deos
2132 943 2377 982 Homericos

200 1024 278 1049 non
302 1015 507 1064 praestare
529 1007 751 1049 hominibus
773 1007 940 1058 virtute,
974 1004 1190 1046 vitiositate
1211 1004 1354 1046 mirum
1376 1005 1415 1046 in
1437 1006 1621 1058 modum,
1655 1006 1688 1047 si
1711 1012 1847 1047 nostra
1876 1006 1915 1047 in
1946 1006 2124 1048 moribus
2147 1005 2377 1061 judicandis

199 1073 292 1130 lege
314 1080 481 1116 utamur.

1163 1195 1226 1248 C.
1261 1195 1413 1248 XIII.

327 1329 396 1369 Sic
427 1328 557 1369 omnia
586 1342 705 1383 posse
737 1326 791 1367 dii
822 1326 1029 1376 dicuntur,
1071 1339 1171 1380 prae
1201 1326 1344 1367 ceteris
1373 1326 1551 1382 Jupiter:
1592 1325 1713 1366 iidem
1750 1333 1886 1366 tamen
1917 1340 2196 1381 nonnunquam
2232 1327 2375 1367 finibus

201 1394 435 1451 quibusdam
457 1393 673 1448 potentiam
707 1405 819 1432 suam
842 1391 1118 1431 circumscribi
1140 1392 1321 1432 sentiunt.
1354 1392 1459 1431 Nam
1481 1392 1568 1445 ipse
1589 1391 1749 1445 Jupiter
1769 1391 1816 1431 Il.
1839 1391 1948 1431 XVI.
1973 1392 2087 1442 433,
2120 1405 2239 1446 quum
2269 1400 2376 1432 esset

200 1458 441 1514 periculum,
475 1472 526 1497 ne
549 1456 732 1510 Sarpedo
755 1455 859 1495 filius
882 1469 905 1495 a
927 1455 1120 1495 Patroclo
1145 1455 1400 1506 caederetur,
1434 1455 1638 1509 paulisper
1669 1455 1845 1495 incertus
1869 1462 1975 1505 erat,
2008 1461 2141 1495 utrum
2172 1469 2263 1495 eum
2290 1470 2373 1496 ser—

201 1530 331 1574 varet,
364 1537 413 1562 an
443 1521 672 1570 desereret,
712 1519 844 1560 donec
875 1534 898 1559 a
930 1520 1090 1559 Junone
1119 1526 1322 1573 permotus
1354 1526 1434 1570 est,
1475 1526 1520 1560 ut
1546 1512 1632 1559 'fato
1665 1518 1924 1560 concederet.
1965 1520 2061 1560 Hoc
2091 1519 2214 1559 modo
2244 1527 2376 1561 autem

200 1587 469 1642 significatur,
503 1592 572 1625 aut
593 1582 734 1638 subjici
755 1583 849 1624 Fati
871 1583 1076 1637 potentiae
1096 1584 1258 1634 Jovem,
1292 1582 1402 1637 quod
1433 1582 1529 1622 alias
1562 1597 1653 1622 cum
1684 1596 1733 1622 eo
1764 1590 1874 1623 stare
1906 1583 2101 1623 sententia
2132 1590 2215 1634 est,
2257 1592 2325 1624 aut
2353 1599 2377 1624 a

198 1651 415 1691 factionum
445 1656 554 1688 metu
583 1648 763 1702 pendere
797 1646 1086 1701 impedirique,
1129 1647 1336 1701 quominus
1375 1653 1636 1701 exsequatur,
1678 1646 1788 1700 quod
1822 1647 1969 1701 cupiat.
2019 1647 2160 1686 Ceteri
2195 1662 2291 1687 vero
2321 1648 2375 1687 dii

199 1716 357 1771 saepius
391 1720 664 1770 cognoscunt,
697 1727 777 1753 non
804 1712 938 1753 omnia
962 1726 1084 1766 posse
1106 1727 1170 1763 se,
1204 1711 1311 1767 quod
1334 1711 1475 1763 velint,
1507 1726 1588 1753 non
1610 1710 1738 1753 solum
1762 1726 1853 1753 cum
1874 1713 1998 1764 Jove,
2030 1711 2103 1754 sed
2126 1727 2219 1754 cum
2248 1712 2374 1755 homi-

199 1779 314 1824 nibus
337 1780 456 1821 etiam
477 1778 545 1820 ubi
567 1792 632 1819 res
655 1784 728 1819 est.
761 1776 807 1818 Il.
830 1777 918 1819 XV.
947 1778 1048 1818 117.
1083 1777 1128 1818 V.
1153 1777 1256 1818 334.
1284 1777 1389 1818 859.
1423 1776 1503 1818 Od.
1526 1777 1594 1818 IV.
1618 1777 1723 1818 455.
1758 1777 1828 1818 Sic
1858 1776 2004 1818 deinde
2035 1777 2209 1818 omnium
2239 1791 2374 1819 rerum

200 1846 364 1887 scientia
387 1851 428 1883 et
447 1843 538 1883 Jovi
561 1850 602 1882 et
622 1843 784 1896 reliquis
807 1842 881 1881 diis
904 1842 1092 1881 tribuitur
1114 1840 1188 1895 (cf.
1213 1856 1299 1895 cap.
1321 1841 1423 1896 IX.)
1447 1842 1570 1880 iidem
1591 1848 1724 1881 tamen
1745 1842 1855 1881 haud
1876 1856 1970 1881 raro
2001 1841 2273 1895 decipiuntur,
2307 1844 2374 1882 ubi

199 1925 279 1952 non
310 1908 530 1964 potuissent
573 1905 726 1961 decipi,
767 1905 800 1945 si
831 1904 981 1961 aliquid
1013 1906 1230 1946 scivissent.
1285 1904 1363 1946 Od.
1394 1905 1462 1946 IV.
1499 1906 1591 1946 453
1627 1903 1678 1946 cf.
1712 1921 1802 1946 cum
1831 1921 1867 1947 v.
1900 1906 2003 1947 461.
2044 1905 2090 1947 Il.
2123 1906 2232 1948 XIV.
2272 1907 2373 1948 160.

199 1975 313 2017 XIX..
338 1974 417 2015 95:
448 1976 517 2013 καί
534 1987 635 2013 ποτε
658 1968 756 2024 Ζῆν’
779 1968 910 2012 ἄσατο
932 1968 1056 2025 (ἄτη)
1077 1972 1324 2026 Agamemno
1348 1969 1467 2021 dicit,
1500 1970 1651 2024 τόνπερ
1674 1968 1845 2025 ἄριστον
1870 1969 2028 2025 ἀνδρῶν
2049 1969 2154 2024 φασ’
2184 1972 2375 2024 ἴμμεναις

201 2038 251 2081 cf.
274 2039 320 2079 Il.
342 2037 493 2078 XVIII.
521 2036 621 2076 166.
654 2035 770 2074 XIII.
799 2036 836 2075 1.
870 2035 980 2075 XIV.
1008 2036 1108 2075 155.
1135 2035 1238 2074 250.
1270 2034 1421 2074 XVIII.
1444 2036 1549 2074 240.
1584 2034 1663 2074 Od.
1687 2035 1782 2074 XII.
1809 2035 1913 2075 290.
1947 2036 2053 2074 'rum
2083 2035 2194 2075 Jovis
2216 2043 2375 2076 cetero-

201 2117 369 2158 rumque
392 2101 558 2142 deorum
580 2099 760 2139 voluntas
783 2099 823 2139 in
845 2099 995 2139 bonum
1017 2105 1250 2153 rectumque
1275 2112 1477 2152 propensa
1500 2105 1581 2139 est:
1614 2099 1733 2139 amici
1756 2106 1847 2139 sunt
1879 2100 2012 2140 virtuti
2043 2098 2206 2154 ejusque
2237 2114 2374 2141 aman—

200 2169 326 2218 tibus,
359 2164 491 2207 infesti
521 2164 621 2205 vitiis
653 2163 835 2204 omnibus
866 2169 988 2218 atque
1017 2162 1255 2213 mendaciis,
1289 2160 1338 2203 cf.
1371 2177 1458 2216 cap.
1490 2163 1564 2213 X.,
1596 2169 1812 2216 praeterea
1840 2163 1887 2204 Il.
1919 2164 1987 2204 IV.
2020 2164 2122 2204 235.
2155 2164 2243 2205 VII.
2268 2166 2375 2206 402.

201 2231 315 2274 ΧΙΧ.
340 2231 444 2271 264.
478 2228 675 2275 Quoniam
696 2233 788 2282 post
809 2233 981 2267 mortem
1003 2241 1078 2268 nec
1100 2226 1250 2283 gaudio
1282 2232 1351 2266 aut
1371 2226 1514 2278 luctui,
1548 2240 1623 2266 nec
1653 2227 1845 2281 praemiis
1876 2234 1946 2268 aut
1973 2241 2131 2283 poenae
2159 2228 2269 2269 locus
2300 2236 2376 2281 est,

201 2299 242 2337 in
262 2297 338 2336 hac
360 2296 441 2334 vita
456 2293 540 2347 jam
561 2306 691 2346 poena
712 2299 758 2331 ut
778 2291 1008 2331 afficiuntur
1028 2293 1131 2331 male
1152 2291 1279 2341 facta,
1311 2292 1369 2330 sic
1391 2292 1577 2344 praemiis
1599 2298 1713 2331 recte
1735 2290 1865 2342 facta,
1888 2294 1943 2332 ita
1964 2300 2118 2342 tamen,
2147 2300 2191 2332 ut
2211 2302 2378 2346 praeter

202 2359 434 2416 aequitatis,
467 2373 584 2413 quam
606 2371 725 2411 supra
746 2356 1073 2408 memoravimus,
1106 2355 1211 2397 nulla
1232 2355 1270 2396 in
1302 2352 1528 2409 hujusmodi
1558 2355 1679 2397 rebus
1709 2355 1774 2398 lex
1805 2357 2061 2408 observetur,
2101 2364 2141 2398 et
2169 2365 2214 2399 ut
2243 2359 2379 2400 omnia

201 2426 313 2470 Jovis
334 2423 525 2480 potestati
545 2422 766 2464 tribuantur
788 2420 867 2462 Od.
891 2421 959 2462 VI.
987 2422 1089 2463 188.
1121 2419 1317 2461 Videlicet
1337 2420 1448 2460 Jovis
1464 2418 1619 2475 justitia
1640 2434 1721 2461 non
1745 2420 1821 2461 alia
1844 2428 1905 2462 est
1935 2428 2055 2477 atque
2083 2422 2265 2477 aequitas
2298 2423 2399 2474 illa,>

203 2505 322 2547 quam
345 2487 505 2544 quidem
528 2489 567 2527 in
590 2493 728 2527 natura
749 2485 931 2525 homines
953 2486 1218 2539 imperitiores
1241 2485 1477 2538 conspicere
1499 2486 1573 2524 sibi
1595 2485 1801 2536 videntur,
1832 2487 1900 2525 ubi
1923 2487 2074 2536 omnia,
2107 2502 2212 2540 quae
2243 2488 2281 2527 in
2305 2502 2376 2527 sua

203 2554 433 2599 conditione
455 2557 708 2607 permanent,
737 2549 842 2592 laeta
874 2556 966 2592 sunt
993 2576 1054 2582 —
1084 2549 1231 2601 tristia,
1265 2563 1369 2604 quae
1401 2563 1497 2591 casu
1527 2548 1659 2605 aliquo
1691 2565 1781 2592 eam
1810 2549 2095 2601 deseruerunt;
2126 2550 2375 2594 desiderabis

178 2617 314 2670 'eam,
347 2631 426 2674 qua
456 2615 518 2657 vel
548 2615 803 2656 minutissima
831 2613 1126 2668 ponderantur,
1169 2613 1232 2653 vel
1260 2614 1420 2654 minima
1448 2620 1693 2655 momentum
1723 2614 1894 2665 faciunt,
1937 2628 2015 2669 qua
2045 2615 2152 2656 nulla
2183 2629 2247 2656 res
2279 2630 2373 2656 casu

203 2684 392 2725 accidere
414 2681 589 2730 videtur,
622 2695 701 2734 qua
724 2680 879 2719 unicum
901 2678 1069 2718 hominis
1099 2677 1250 2717 factum
1279 2679 1320 2718 in
1348 2686 1473 2718 totam
1501 2679 1621 2718 vitam
1652 2680 1780 2718 influit
1811 2693 1980 2732 eamque
2009 2679 2261 2730 moderatur,
2295 2696 2376 2734 qua

204 2749 267 2800 id,
301 2746 410 2802 quod
440 2753 580 2787 natura
612 2745 790 2798 sequitur
820 2758 868 2784 ex
900 2742 1005 2783 male
1034 2741 1169 2792 factis,
1210 2742 1323 2783 nullis
1353 2742 1457 2783 vitae
1487 2750 1676 2796 posterae
1707 2743 1909 2783 laboribus
1945 2750 2080 2797 potest
2108 2745 2255 2794 averti,
2296 2760 2376 2800 qua

204 2812 398 2868 denique,
431 2809 493 2861 id,
526 2807 634 2865 quod
656 2808 866 2850 maximum
887 2806 925 2847 in
949 2805 1026 2848 hac
1059 2821 1103 2848 re
1126 2813 1206 2857 est,
1239 2807 1418 2848 internae
1449 2806 1567 2847 animi
1599 2807 1757 2848 humani
1788 2806 2027 2848 conditionis
2057 2808 2159 2848 ratio
2192 2807 2378 2851 habetur.

204 2880 388 2919 Homero
417 2876 522 2915 enim
551 2875 691 2913 beatus
721 2872 888 2926 hominis
918 2872 1070 2910 animus
1100 2878 1208 2910 stare
1232 2886 1321 2911 cum
1360 2870 1530 2910 adversa
1567 2871 1744 2921 fortuna,
1788 2886 1879 2911 cum
1911 2871 2087 2910 secunda
2123 2887 2204 2912 non
2236 2875 2380 2915 beatus

205 2950 362 2996 posset,
395 2941 427 2980 si
449 2940 626 2992 Jupiter,
653 2936 892 2991 justissimus
914 2951 961 2976 ac
983 2936 1294 2989 sapientissimus
1326 2936 1499 2976 omnium
1530 2951 1663 2976 rerum
1689 2935 1836 2989 judex,
1878 2937 1980 2976 hanc
2004 2935 2217 2989 judic-andi
2246 2940 2380 2994 legem
