2578 3373
454 979 556 1032 DE
592 977 984 1032 HOMINUM
1021 977 1208 1056 VITA
1243 978 1344 1033 ΕΤ
1381 976 1737 1032 MORIBUS
1774 975 2077 1049 QUALES

848 1094 1010 1139 s1N'r
1050 1095 1238 1139 APUD
1280 1095 1670 1139 HOMERUM.

1191 1402 1254 1455 C.
1289 1402 1334 1454 Ι.

305 1496 413 1555 ne
446 1510 617 1550 Homeri
651 1509 783 1551 ethica
815 1510 910 1551 satis
943 1510 1055 1551 multi
1087 1511 1339 1566 scripserunt.
1373 1513 1434 1552 Ac
1467 1510 1602 1565 plures
1636 1509 1799 1565 quidem
1831 1508 1939 1550 aliud
1961 1508 2144 1564 agendo,
2177 1509 2257 1550 suis
2279 1510 2352 1550 sibi

178 1573 286 1613 libris
320 1574 543 1627 pauciores.
600 1575 713 1620 Quos
746 1574 823 1615 hoc
857 1575 948 1615 loco
981 1575 1207 1627 nominare,
1248 1589 1590 1631 supervacaneum
1623 1589 1713 1615 esse
1753 1580 1874 1630 puto,
1915 1574 2005 1629 quia
2047 1573 2227 1614 omnibus
2267 1572 2352 1616 fere

179 1638 263 1678 noti
295 1646 404 1690 sunt,
436 1654 516 1678 non
548 1640 643 1683 item
677 1654 895 1694 quaerere,
928 1654 979 1680 an
1010 1654 1091 1680 non
1123 1641 1172 1680 sit
1203 1641 1359 1694 perdita
1392 1654 1518 1695 opera
1551 1639 1658 1694 ejus,
1692 1640 1760 1694 qui
1792 1645 1886 1694 post
1916 1639 2003 1678 illos
2025 1652 2113 1679 rem
2134 1645 2352 1679 retractare

179 1708 367 1754 conetur,
408 1703 664 1758 praesertim,
706 1718 828 1759 quum
858 1704 1034 1745 nonnulli
1075 1705 1178 1745 bene
1210 1704 1481 1746 disseruerint.
1536 1703 1622 1745 Sed
1655 1704 1827 1759 primum
1849 1702 2091 1758 aliquamdiu
2112 1703 2152 1743 in
2173 1704 2351 1744 manibus

177 1765 310 1808 fuerat
339 1767 404 1807 hic
435 1767 609 1818 libellus,
651 1774 863 1822 antequam
895 1783 1009 1809 suum
1040 1769 1254 1824 Helbigius
1287 1769 1435 1809 edebat
1476 1768 1568 1823 (die
1597 1769 1805 1809 sae'ttlicken
1837 1766 2050 1808 Zustd‘nde
2081 1768 2152 1808 dea
2182 1768 2352 1821 griechi-

177 1831 299 1872 schen
331 1830 633 1872 Heldenalters.
667 1832 846 1886 Leipzig
882 1833 1022 1885 1839)
1044 1857 1108 1864 -
1131 1847 1231 1888 opus
1264 1840 1397 1874 autem
1429 1832 1555 1873 semel
1586 1833 1790 1886 inceptum
1821 1845 1903 1872 non
1935 1822 2052 1872 facile
2075 1831 2271 1872 deseritur
2291 1853 2353 1862 —

180 1894 346 1947 deinde,
368 1895 476 1950 quod
498 1894 624 1950 majus
647 1902 720 1947 est,
743 1895 795 1936 de
817 1910 862 1937 re
885 1897 935 1937 ab
958 1897 1044 1938 aliis
1064 1904 1236 1939 tractata
1265 1909 1376 1938 suam
1399 1897 1715 1952 qualemcunque
1738 1896 1973 1938 sententiam
1996 1895 2133 1937 dicere
2154 1897 2351 1950 inceptum

181 1973 271 2000 esse
292 1973 372 1999 non
403 1960 656 2000 arbitrantur.
689 1960 778 2000 Etsi
809 1961 917 2000 enim
949 1975 1097 2002 novum
1128 1960 1299 2017 proferri
1330 1976 1411 2002 non
1441 1961 1613 2017 poterit,
1645 1967 1781 2001 tamen
1802 1975 1890 2001 rem
1910 1967 2045 2001 notam
2068 1961 2117 2000 ab
2140 1960 2214 2001 alia
2235 1967 2351 2014 parte

180 2023 389 2078 adspicere
412 2021 576 2078 ejusque
598 2039 703 2064 novo
727 2024 868 2065 ordine
891 2026 1107 2080 disponere
1129 2034 1263 2081 partes
1285 2041 1568 2080 nonnunquam
1589 2026 1686 2066 utile
1709 2033 1781 2066 est.

308 2087 462 2134 Quodsi
483 2094 616 2129 autem
637 2087 691 2129 de
716 2087 846 2129 ethica
867 2090 1043 2131 Homeri
1074 2098 1142 2132 aut
1170 2090 1284 2132 simili
1315 2097 1555 2147 argumento
1586 2097 1628 2132 et
1658 2089 1808 2131 dictum
1839 2096 1880 2131 et
1909 2089 2098 2144 scriptum
2125 2103 2246 2143 saepe
2276 2096 2352 2139 est,

181 2167 270 2193 esse
292 2150 481 2208 quiddam
501 2153 541 2193 in
563 2151 648 2207 ejus
672 2154 910 2193 carminibus
933 2169 1121 2208 censeas,
1144 2156 1252 2211 quod
1274 2163 1387 2197 recte
1409 2156 1465 2196 ita
1486 2156 1724 2196 nominetur.
1759 2155 1897 2200 Quare
1919 2154 1971 2195 de
1993 2155 2068 2195 isto
2090 2154 2266 2206 nomine,
2299 2167 2353 2194 ne

180 2215 279 2256 falso
301 2217 595 2271 interpreteris,
628 2217 776 2271 aliquid
799 2216 1014 2259 dicendum
1036 2234 1127 2260 esse
1148 2220 1317 2261 videtur.
1349 2219 1537 2261 Ethicam
1559 2220 1664 2260 enim
1685 2218 1834 2261 habent
1865 2218 2056 2259 moralem
2077 2216 2353 2272 philosophiae

181 2287 358 2336 partem,
390 2281 430 2322 in
453 2295 549 2336 qua,
581 2287 625 2321 ut
646 2281 853 2335 proprium
876 2288 938 2322 est
968 2282 1246 2338 philosophiae
1278 2284 1517 2338 disciplinis,
1549 2284 1605 2324 ita
1635 2283 1829 2337 disposita
1860 2290 1978 2336 atque
2009 2282 2189 2322 ordinata
2219 2281 2354 2321 omnia

181 2352 293 2396 sunt,
324 2351 369 2385 ut
389 2359 469 2385 uno
492 2351 709 2401 praecepto
726 2344 887 2402 aliquo,
918 2346 1027 2402 quod
1049 2361 1245 2390 summum
1268 2348 1434 2401 dicitur,
1458 2348 1609 2390 circum
1631 2348 1780 2403 scripta
1802 2347 2086 2389 contineantur.
2120 2346 2216 2386 Sine
2239 2352 2355 2387 certa

181 2411 306 2465 igitur
326 2410 420 2464 lege
450 2411 501 2450 ad
523 2409 790 2450 moderandos
819 2424 954 2450 mores
984 2413 1194 2465 proposita
1225 2414 1399 2468 cogitari
1429 2413 1495 2452 illa
1524 2426 1606 2452 non
1634 2418 1779 2467 potest.
1813 2411 1955 2451 Talem
1984 2418 2115 2450 autem
2145 2409 2283 2464 legem
2312 2411 2354 2449 in

181 2474 353 2516 Homeri
375 2475 613 2515 carminibus
634 2488 713 2514 non
734 2474 923 2529 reperiri,
957 2475 1139 2516 omnibus
1161 2475 1279 2517 facile
1300 2478 1507 2532 probatur.
1539 2477 1725 2531 Namque
1745 2483 1829 2516 tum
1850 2473 2007 2515 demum
2036 2473 2240 2514 hominum
2272 2474 2353 2514 vita

183 2545 225 2580 et
245 2552 380 2579 mores
402 2538 453 2579 ad
475 2545 603 2580 artem
624 2538 835 2594 legemque
857 2538 1108 2594 rediguntur,
1140 2554 1263 2595 quum
1284 2555 1309 2582 a
1331 2541 1465 2593 rebus,
1499 2554 1602 2595 quae
1623 2540 1697 2581 sub
1720 2553 1856 2580 sensus
1879 2538 2038 2589 cadunt,
2072 2538 2266 2589 revocati,
2298 2536 2351 2578 ad

182 2603 224 2642 id
254 2602 472 2658 cogitando
501 2603 814 2653 adscenderunt,
855 2602 964 2657 quod
1002 2603 1156 2643 illarum
1186 2603 1487 2645 fundamentum
1517 2611 1599 2656 est,
1641 2610 1761 2659 atque
1792 2615 1911 2657 quum
1948 2615 2028 2642 non
2059 2601 2183 2643 modo
2216 2615 2351 2643 rerum

183 2674 437 2708 externarum
458 2674 707 2722 spectatores
729 2673 836 2718 sunt,
869 2667 942 2707 sed
971 2682 1133 2708 suorum
1163 2669 1284 2710 etiam
1314 2670 1537 2709 animorum
1566 2669 1896 2722 ingeniorumque
1924 2666 2199 2721 speculatores
2230 2674 2353 2720 atque

177 2730 357 2786 judices,
388 2732 465 2783 ita,
496 2738 541 2772 ut
561 2732 636 2786 ipsi
658 2732 732 2772 sibi
762 2730 1117 2785 contemplantibus
1148 2733 1262 2786 quasi
1290 2747 1357 2773 res
1388 2731 1586 2786 quaedam
1616 2738 1803 2772 externae
1835 2728 2084 2784 objiciantur.
2119 2730 2221 2770 'Pale
2255 2729 2354 2784 quid

183 2802 317 2837 autem
339 2795 389 2836 ab
411 2795 633 2837 hominibus
655 2795 883 2838 Homericis
905 2809 1069 2850 prorsus
1091 2794 1262 2838 alienum
1285 2803 1357 2838 est.
1390 2796 1534 2851 Itaque
1556 2810 1676 2851 quum
1697 2793 1749 2835 de
1765 2794 1939 2836 Homeri
1962 2795 2093 2836 ethica
2110 2809 2244 2836 sermo
2263 2796 2355 2847 erit,

183 2861 379 2900 rationem
408 2868 596 2901 accurate
627 2860 832 2901 fundatam
860 2867 927 2900 aut
955 2861 1159 2915 perpetuis
1190 2861 1423 2901 instructam
1454 2860 1700 2914 praeceptis,
1740 2872 1821 2899 non
1861 2859 2237 2915 interpretabimur,
2280 2859 2353 2901 sed

182 2923 305 2980 longe
326 2924 453 2977 aliud,
487 2925 617 2981 quod,
650 2926 767 2981 quale
789 2927 860 2977 sit,
891 2939 983 2967 mox
1003 2924 1255 2980 intelligetur.

2041 3005 2063 3043 1
