2578 3373
1272 242 1301 290 5

201 373 266 418 ut,
300 362 412 422 cnjus
434 365 601 408 interest
620 364 713 407 talia
734 365 852 417 scire,
882 363 999 407 facile
1020 366 1198 421 reperiat
1218 365 1371 418 locum,
1402 364 1512 406 unde
1534 362 1632 419 ejus,
1666 363 1699 404 si
1720 376 1801 404 non
1821 369 1948 405 totam
1970 362 2158 418 speciem,
2180 363 2383 419 principes

201 438 336 472 tamen
356 437 493 486 partes
516 430 985 486 conspicerecommode
1006 431 1144 483 possit.
1176 431 1274 471 Hoc
1295 430 1417 470 modo
1442 430 1567 481 enim,
1601 428 1711 483 quod
1741 428 1964 468 detrahitur
1995 429 2256 482 amplitudini,
2289 442 2382 483 per·-

199 496 400 550 spicuitati
430 502 472 535 et
499 497 728 535 amoenitati
760 503 802 534 et
830 493 918 533 fere
948 494 1106 534 utilitati
1136 495 1307 535 additur.
1348 498 1408 535 Ac
1440 495 1535 534 mihi
1569 492 1732 547 quidem
1766 493 1968 532 hominum
2003 495 2125 532 vitam
2156 502 2197 533 et
2234 508 2384 543 mores,

200 558 343 615 quales
360 558 439 598 sint
460 558 565 614 apud
586 559 834 608 Homerum,
867 557 923 597 ita
945 556 1145 611 explicare
1174 557 1341 614 placuit,
1375 565 1420 599 ut
1450 563 1492 598 et
1521 556 1618 597 illud
1650 570 1930 612 assequamur,
1964 562 2026 607 et,
2059 557 2092 595 si
2121 557 2209 597 fieri
2239 556 2382 612 possit,

198 623 465 678 intelligatur,
499 623 702 678 quomodo
726 621 942 672 acciderit,
974 627 1020 661 ut
1040 621 1103 662 vel
1132 621 1232 662 illius
1255 623 1395 663 aetatis
1426 623 1607 663 homines
1638 636 1751 662 suam
1780 619 2011 663 felicitatem
2041 621 2381 672 nanciscerentur,

200 687 379 743 quamvis
400 688 611 728 maximam
632 691 789 741 partem
811 685 897 725 aliis
920 690 1041 739 atque
1063 685 1265 725 christiani
1286 687 1406 726 rebus
1428 686 1553 727 dediti
1576 691 1733 736 essent,
1756 691 1817 736 et,
1840 684 1950 739 quod
1971 684 2047 724 hac
2069 685 2109 724 in
2131 699 2176 725 re
2195 684 2379 739 profecto

198 752 411 792 maximum
434 758 515 803 est,
549 751 728 805 quamvis
751 749 826 788 diis
850 748 1083 799 crederent,
1106 749 1172 802 qui
1196 749 1499 789 christianorum
1516 746 1671 805 judicio
1695 763 1946 803 nequaquam
1970 748 2083 803 digni
2107 756 2215 799 sunt,
2236 751 2379 803 quibus

199 814 399 857 credatur.
434 816 567 861 Quam
589 815 642 854 ob
673 828 760 854 rem
792 813 980 867 quoniam
1011 812 1213 853 christiani
1243 828 1394 864 sumus,
1427 814 1493 868 qui
1521 829 1608 854 rem
1638 813 1887 867 propositam
1918 827 2114 866 quaerere
2146 814 2377 867 incepimus,

197 893 275 920 nec
295 879 438 920 mirum
459 877 680 929 videbitur,
713 891 845 931 neque
867 875 1027 928 inutile,
1061 876 1094 916 si
1116 877 1413 930 opportunitate
1444 877 1578 918 oblata
1609 876 1813 917 hominum
1842 876 2066 931 priscorum
2096 890 2162 917 res
2192 883 2234 917 et
2263 877 2376 932 cogi·

198 944 371 984 tationes
404 957 495 983 cum
526 941 673 981 nostris
705 941 1011 992 contulerimus,
1051 946 1172 995 atque
1201 940 1242 979 id
1274 954 1322 980 eo
1354 942 1501 994 minus,
1543 955 1666 996 quum
1697 941 1749 981 de
1779 942 1976 996 scriptore
2016 948 2183 996 agatur,
2227 955 2307 996 quo
2337 942 2377 981 in

200 1006 422 1048 excolenda
446 1005 658 1060 juventute
690 1005 905 1060 diligenter
932 1005 1101 1055 utimur,
1142 1010 1262 1058 atque
1298 1020 1347 1044 ex
1378 1004 1487 1059 cujus
1523 1006 1699 1045 lectione
1735 1020 1883 1059 pueros
1921 1012 1963 1045 et
1992 1004 2162 1059 juvenes
2193 1006 2375 1046 sincerae

198 1072 358 1125 pietatis
381 1070 663 1111 detrimentum
685 1084 832 1123 capere
861 1084 983 1123 posse
1012 1068 1190 1109 nonnulli
1220 1068 1414 1110 dixerunt.
1455 1071 1603 1111 Verum
1634 1077 1678 1110 ut
1706 1070 1765 1120 hi,
1799 1070 1866 1123 qui
1895 1076 1979 1109 tam
2007 1070 2141 1123 inique
2171 1069 2223 1109 de
2251 1071 2376 1123 poeta

197 1134 540 1191 praestantissimo
556 1132 756 1189 judicant,
788 1132 1004 1174 multorum
1035 1132 1188 1173 animos
1219 1132 1491 1187 offenderunt,
1525 1139 1567 1175 et
1596 1148 1701 1175 nunc
1732 1133 1851 1175 etiam
1884 1132 2114 1185 offendunt,
2148 1133 2204 1174 sic
2235 1133 2373 1175 nescio

197 1215 248 1239 an
269 1200 323 1239 illi
346 1199 602 1252 displiceant,
636 1199 701 1252 qui
724 1198 901 1251 plurimis
924 1198 1023 1236 locis
1045 1211 1126 1236 nou
1149 1197 1329 1237 dubitant
1350 1199 1567 1251 periculum
1599 1197 1735 1238 facere
1768 1198 2023 1248 declarandi,
2056 1199 2225 1237 Homeri
2255 1212 2372 1251 prae·

197 1270 316 1317 cepta
338 1277 362 1303 a
382 1263 482 1303 Jesu
504 1261 652 1302 Christi
673 1261 901 1315 praeceptis
923 1275 1005 1300 non
1027 1260 1244 1300 admodum
1266 1260 1425 1302 distare.

1175 1393 1239 1446 G.
1276 1394 1404 1445 Vll.

320 1513 561 1558 Primarium
583 1512 708 1567 igitur
728 1512 768 1552 in
791 1510 961 1553 deorum
984 1512 1094 1553 cultu
1115 1527 1204 1554 esse
1226 1520 1408 1565 censent,
1438 1520 1483 1554 ut
1503 1513 1703 1565 homines,
1727 1514 1902 1554 externis
1924 1527 2026 1568 quae
2048 1520 2139 1554 sunt
2160 1514 2199 1554 in
2222 1513 2370 1554 mundo

194 1579 335 1629 rebus,
367 1578 526 1628 moniti,
559 1577 715 1631 impulsi
738 1584 858 1631 atque
880 1577 975 1618 victi
997 1577 1313 1632 quodammodo,
1345 1577 1538 1632 majorem
1560 1579 1732 1633 aliquam
1753 1593 1825 1618 sua
1847 1579 1968 1633 ipsius
1992 1579 2068 1617 vim
2091 1586 2132 1618 et
2152 1579 2372 1633 potentiam

194 1648 455 1697 cognoscant.
494 1642 588 1682 Hae
619 1647 753 1681 autem
782 1654 847 1681 res
878 1642 1101 1692 naturales,
1143 1657 1244 1696 quae
1282 1649 1372 1682 sunt
1408 1649 1615 1693 externae,
1652 1643 1707 1682 ita
1739 1642 1941 1682 hominem
1968 1642 2216 1683 circumdant
2250 1649 2371 1698 atque

195 1707 507 1761 amplectuntur,
546 1712 657 1746 tanta
693 1706 901 1759 impellunt
940 1707 1182 1748 necessitate
1218 1714 1338 1762 atque
1374 1715 1630 1761 permovent,
1672 1707 1843 1762 primum
1875 1713 1920 1748 ut
1949 1714 2104 1761 tempus
2134 1722 2215 1748 non
2252 1707 2371 1748 detur

195 1770 435 1827 quaerendi,
467 1769 573 1810 unde
595 1770 696 1810 haec
717 1776 828 1810 tanta
853 1770 908 1810 vis
932 1777 973 1811 et
994 1772 1175 1826 potentia
1197 1772 1377 1827 ingruat,
1412 1771 1579 1823 deinde,
1611 1777 1656 1812 ut
1676 1786 1795 1812 nemo
1825 1772 1912 1812 sine
1942 1771 2018 1812 ulla
2040 1772 2278 1827 exceptione
2308 1771 2368 1812 his

194 1850 240 1875 se
271 1836 398 1889 possit
425 1834 662 1873 subducere.
694 1834 879 1873 Eandem
908 1833 996 1874 fere
1026 1836 1106 1874 vim
1136 1837 1247 1875 Αἶσα
1274 1836 1446 1875 Homeri
1477 1836 1516 1874 in
1543 1835 1746 1875 hominum
1774 1836 1896 1875 vitam
1925 1843 2103 1886 exercet,
2143 1850 2263 1889 quam
2292 1850 2369 1876 nec

195 1890 352 1954 quaerit
373 1899 598 1953 quisquam,
629 1896 737 1938 unde
759 1898 828 1948 sit,
860 1912 937 1939 nec
959 1898 1112 1940 evitare
1135 1907 1322 1951 conatur,
1354 1914 1455 1951 nec,
1487 1899 1520 1940 si
1543 1907 1732 1951 conetur,
1766 1900 1917 1940 evitare
1938 1900 2074 1954 possit.
2107 1901 2218 1940 Αἶσα
2243 1900 2370 1955 igitur

193 1963 423 2018 primarium
445 1976 590 2002 numen
612 1968 683 2002 est.
715 1962 812 2002 Hoc
834 1969 969 2003 autem
992 1964 1151 2018 origine
1173 1978 1245 2004 sua
1267 1971 1307 2004 et
1335 1970 1421 2005 tota
1449 1970 1592 2004 natura
1622 1964 1726 2004 adeo
1750 1965 1963 2004 obscurum
1993 1970 2073 2014 est,
2104 1971 2148 2004 ut
2177 1972 2369 2018 tanquam

194 2034 307 2068 certa
329 2040 500 2081 persona
524 2025 630 2080 apud
651 2026 876 2068 Homerum
898 2026 963 2066 vix
985 2028 1226 2082 accipiatur,
1260 2034 1371 2068 certe
1393 2028 1527 2082 figura
1550 2034 1590 2068 et
1622 2028 1758 2082 specie
1779 2034 1860 2068 tam
1882 2028 2054 2077 incerta,
2085 2028 2218 2082 potius
2247 2027 2368 2078 nulla,

191 2098 237 2132 ut
266 2091 330 2131 vel
358 2090 434 2130 hac
464 2104 509 2130 re
538 2088 754 2144 prodatur,
786 2088 966 2130 homines
996 2092 1126 2146 magis
1155 2098 1336 2132 metuere
1368 2106 1479 2143 eam,
1513 2092 1663 2143 vereri,
1696 2092 1798 2146 pati,
1841 2106 1960 2146 quam
1989 2091 2175 2147 diligere,
2217 2091 2368 2143 colere,

193 2156 352 2196 sectari.
386 2156 433 2195 In
456 2154 599 2195 ceteris
622 2154 726 2194 enim
748 2153 917 2193 deorum
945 2157 1170 2196 numinibus
1200 2157 1251 2196 de
1281 2163 1392 2196 certa
1422 2158 1575 2210 figura,
1609 2157 1661 2196 de
1682 2155 1786 2197 facie
1809 2156 1996 2209 vultuque
2025 2171 2155 2196 sermo
2186 2164 2263 2205 est,
2298 2157 2367 2205 ita,

193 2225 238 2261 ut
259 2217 312 2260 ad
334 2218 510 2273 speciem
530 2217 740 2258 humanam
761 2216 855 2258 nihil
877 2216 1142 2261 desideretur.
1179 2219 1301 2267 Quod
1322 2220 1362 2261 in
1384 2221 1490 2262 Aesa
1512 2234 1592 2261 non
1615 2219 1772 2262 accidit.
1805 2218 1937 2275 Hujus
1960 2220 2145 2275 quoniam
2177 2220 2229 2261 ita
2251 2217 2367 2261 fuere

194 2283 381 2332 decreta,
414 2290 459 2322 ut
481 2282 585 2321 nulla
604 2296 776 2335 unquam
798 2282 975 2332 ratione,
1008 2298 1059 2322 ne
1083 2283 1254 2323 deorum
1265 2284 1437 2339 ,quidem
1465 2285 1665 2339 potentia,
1697 2285 1851 2339 possint
1879 2283 2060 2338 infringi,
2095 2285 2279 2338 quoniam
2308 2285 2367 2323 sic

194 2347 321 2389 omnis
343 2346 594 2388 humanitatis
615 2345 777 2387 modum
798 2345 885 2399 ipsa
907 2347 1100 2398 excessit,
1133 2355 1178 2389 ut
1199 2356 1366 2390 naturae
1388 2349 1493 2390 vires
1524 2356 1566 2390 et
1586 2350 1698 2403 ipsae
1729 2363 1885 2389 omnem
1914 2349 2114 2389 hominum
2145 2349 2366 2402 agrestium

194 2417 356 2466 captum
377 2416 587 2465 superant,
620 2410 657 2450 in
686 2409 936 2465 maximaque
965 2423 1100 2450 rerum
1131 2412 1328 2453 varietate
1357 2412 1525 2454 eaedem
1557 2425 1718 2467 semper
1747 2418 1907 2453 manent
1937 2411 2239 2464 irrevocabiles,
2271 2426 2364 2467 pro·

193 2483 335 2530 pterea
356 2475 566 2515 humanam
588 2475 642 2514 illi
662 2472 830 2513 formem
849 2475 1027 2514 tribuere
1048 2489 1130 2514 non
1152 2477 1238 2515 ausi
1261 2492 1351 2516 esse
1373 2477 1569 2517 videntur.
1609 2478 1657 2516 In
1686 2478 1829 2517 ceteris
1860 2476 2027 2515 deorum
2057 2477 2281 2516 numinibus
2312 2476 2364 2515 de

192 2540 401 2595 precibus,
435 2538 486 2579 de
508 2539 615 2593 grati
637 2538 753 2579 animi
774 2538 973 2590 sensibus,
1006 2537 1058 2579 de
1081 2540 1310 2593 sacrificiis,
1342 2548 1388 2583 ut
1407 2542 1584 2582 breviter
1605 2540 1757 2592 dicam,
1791 2540 1842 2581 de
1864 2547 1975 2580 certo
2000 2539 2107 2581 cultu
2134 2555 2266 2581 sermo
2290 2547 2362 2591 est,

193 2617 274 2659 quo
297 2618 322 2643 a
341 2602 573 2644 mortalibus
596 2603 799 2644 adeantur.
833 2602 971 2643 Simile
993 2602 1086 2658 quid
1109 2603 1148 2643 in
1170 2604 1278 2645 Aesa
1299 2618 1380 2646 non
1403 2605 1560 2646 accidit.
1593 2605 1700 2646 Nam
1728 2619 1802 2645 nec
1830 2602 2048 2657 pestiferae
2076 2618 2154 2646 nec
2184 2604 2362 2645 salubres

191 2674 360 2709 naturae
390 2668 495 2708 vires
523 2666 610 2707 ullis
639 2668 822 2723 precibus
853 2667 1012 2707 exorari
1042 2673 1110 2707 aut
1139 2669 1267 2709 averti
1298 2675 1485 2724 possunt,
1520 2668 1593 2709 sed
1624 2667 1836 2709 inevitabili
1872 2668 2113 2709 necessitate
2151 2670 2189 2709 in
2229 2668 2363 2709 omnia

191 2733 373 2772 influunt.
418 2731 557 2771 Ceteri
588 2731 643 2770 dii
674 2731 890 2772 secundum
920 2730 1248 2772 consuetudinem
1287 2734 1498 2773 humanam
1537 2733 1734 2772 communi
1763 2732 1966 2772 societatis
1997 2733 2153 2772 vinculo
2184 2733 2288 2773 inter
2318 2748 2364 2773 se

193 2794 395 2851 conjuncti
417 2802 526 2845 sunt;
558 2795 669 2835 Αἶσα
692 2811 782 2837 cum
810 2794 965 2836 nemine
996 2796 1280 2837 commercium
1309 2796 1442 2837 habet.
1482 2796 1634 2851 Magna
1662 2802 1795 2836 autem
1824 2798 1950 2849 Αἴσης
1978 2795 2190 2837 similitudo
2219 2799 2366 2853 Illoiqqc

192 2867 266 2902 est.
299 2861 356 2902 Ut
376 2860 481 2901 enim
502 2866 690 2913 naturae,
714 2860 992 2917 quamquidem
1013 2853 1133 2915 supra
1156 2860 1457 2916 descripsimus,
1479 2860 1658 2902 homines
1681 2859 1850 2915 subjecti
1871 2867 1961 2901 sunt
1983 2862 2128 2912 cuncti,
2155 2862 2215 2903 sic
2237 2862 2365 2904 altera

191 2925 357 2980 singulis
386 2925 565 2979 potentia
595 2938 676 2965 non
705 2926 834 2967 minus
864 2925 1115 2976 inevitabilis,
1148 2938 1268 2979 quam
1295 2926 1429 2979 prior,
1466 2925 1663 2976 imminet,
1696 2938 1800 2979 quae
1827 2932 1889 2965 est
1917 2925 2166 2981 singularum
2196 2928 2364 2968 sortium
