2578 3373
1254 243 1313 287 22

199 366 391 417 addatur,
424 379 499 420 per
520 378 639 419 quem
664 362 868 404 hominum
898 362 1075 403 laborem
1107 363 1364 404 consiliumve
1396 363 1582 405 confecta
1613 371 1681 404 aut
1711 362 1961 404 conficienda
1990 363 2058 413 sit,
2091 362 2154 403 vel
2183 376 2258 416 per
2285 362 2381 417 quid

199 433 241 474 in
263 445 395 472 rerum
418 436 561 469 natura
584 430 724 480 situm,
758 442 834 469 nec
857 442 936 468 non
958 427 983 467 ii
1007 427 1107 478 loci,
1141 427 1208 468 ubi
1231 441 1306 482 pro
1330 441 1376 469 re
1399 428 1532 484 aliqua
1553 443 1633 471 non
1656 427 1729 470 diis
1752 427 1879 469 solum
1900 427 2058 482 gratiae
2081 434 2277 482 aguntur,
2306 427 2380 469 sed

200 498 237 538 ei
261 497 379 537 etiam
401 494 574 544 homini,
608 508 682 547 per
705 508 823 547 quem
846 494 897 533 sit
919 493 968 532 ad
991 493 1112 531 finem
1134 492 1343 545 perducta.
1384 493 1441 533 Ut
1471 494 1623 534 Nestor
1651 493 1697 534 Il.
1727 493 1780 533 H.
1814 493 1902 532 267
1936 492 2229 546 Agamemnoni
2258 491 2381 532 haec:

199 562 254 612 si,
285 562 557 613 Agamemno,
591 558 629 597 in
653 558 830 612 singulas
853 558 995 611 stirpes
1017 557 1124 595 viros
1148 556 1423 608 dictribueris,
1456 572 1549 598 mox
1573 571 1817 612 cognosceS,
1849 563 1981 597 utrum
2009 555 2074 596 dei
2106 556 2157 596 sit
2184 554 2381 606 voluntas,

198 632 242 665 ut
269 624 412 664 urbem
441 637 521 662 non
554 636 851 676 expugnemuS,
886 636 936 660 an
964 619 1114 660 factum
1146 621 1346 674 imperitia
1376 628 1446 661 aut
1477 622 1638 676 ignavia
1667 621 1843 661 militum.
1881 620 1926 660 Il.
1956 620 2029 660 IX.
2061 621 2152 661 418
2185 619 2381 659 Achilles:

197 689 285 731 ἐπεὶ
318 684 450 729 οὐκέτι
488 684 602 740 δήετε
633 690 785 739 τέκμωρ
818 683 933 726 Ἰλίου
963 686 1165 736 αἰπεινῆς·
1205 684 1316 736 μάλα
1339 686 1413 738 γὰρ
1444 689 1541 727 ἕθεν
1573 684 1752 739 εὖρυόπα
1783 686 1880 730 Ζεὺς
1907 691 2020 737 χεῖρα
2056 684 2124 736 ἑὴν
2156 682 2354 737 ὑπερέσχε
2362 714 2379 731 ,

196 750 477 806 τεθαρσήκασι
510 751 552 791 δὲ
584 752 689 791 λαοί.
742 750 787 790 Il.
820 750 891 789 XI.
926 750 1008 789 761
1043 747 1171 803 Pylii,
1211 749 1279 789 ubi
1310 748 1362 790 de
1401 748 1582 790 hostibus
1622 748 1827 790 victoriam
1864 753 2190 803 reportaverunt,
2230 745 2381 794 πάντες

197 815 441 867 εὖχετόωντο
472 819 584 856 θεῶν
615 818 704 863 Διῒ,
747 816 928 867 Νέστορί
956 812 988 853 τ’
1018 811 1189 865 ἀνδρῶν.
1241 814 1288 853 ΙΙ.
1320 813 1429 853 XVI.
1462 815 1552 855 849
1583 814 1794 854 Patroclus
1825 814 1999 853 Hectori
2031 813 2082 852 de
2113 826 2232 852 caeso
2264 812 2381 852 hoste
2450 857 2453 858 ⁷

198 880 409 936 glorianti:
442 877 546 918 ἄλλά
567 894 617 931 με
639 876 762 932 Morq’
785 876 876 930 ὀλοὴ
898 882 963 917 καὶ
985 878 1137 930 Λητοῦς
1168 877 1334 918 ἔκτανεν
1354 877 1462 927 υἱὸς,
1498 876 1656 932 ἀνδρῶν
1686 876 1726 918 δ’
1756 875 1984 932 Εὔφορβος·
2018 877 2067 918 σῦ
2099 877 2144 919 δέ
2172 892 2221 929 με
2251 879 2383 932 τρίτος

196 946 442 998 ἐξεναρίζεις.
480 942 543 983 Cf.
568 951 782 996 praeterea
806 942 883 982 Od.
907 943 1035 981 XVII.
1060 942 1165 981 320.
1189 942 1348 982 XXIII.
1377 944 1478 983 140.
1502 943 1547 982 Il.
1578 943 1687 983 XVI.
1715 943 1816 983 103.
1841 943 1945 983 816.
1980 941 2059 982 Od.
2082 942 2154 981 XI.
2180 942 2251 982 61.
2276 941 2381 983 332.

198 1009 336 1050 XXII.
362 1008 468 1049 346.
494 1008 601 1049 413.
636 1007 682 1048 Il.
705 1007 798 1047 XII.
825 1007 928 1047 256.
961 1006 1047 1047 XV.
1074 1007 1177 1046 721.

1173 1139 1237 1192 C.
1275 1139 1428 1191 XIX.

329 1260 392 1300 Ex
432 1260 479 1298 iis
511 1259 659 1312 igitur,
701 1272 803 1312 quae
834 1258 964 1298 adhuc
995 1258 1195 1312 disputata
1226 1266 1337 1308 sunt,
1370 1259 1622 1313 intelligitur,
1663 1259 1832 1312 primum
1874 1273 1985 1298 suam
2021 1258 2155 1312 legem
2192 1259 2384 1298 moralem

202 1323 403 1380 quandam
425 1322 614 1362 habuisse
637 1321 815 1362 homines
837 1323 1098 1373 Homericos,
1131 1337 1230 1377 qua,
1253 1323 1348 1378 quid
1372 1324 1522 1363 bonum
1544 1330 1670 1374 esset,
1694 1322 1788 1377 quid
1810 1337 1946 1373 secus,
1963 1321 2214 1376 judicarent,
2238 1322 2384 1363 deinde

201 1404 318 1429 suum
353 1388 586 1437 arbitrium,
621 1401 701 1439 quo
734 1394 897 1439 possent
927 1386 1083 1435 facere,
1126 1387 1236 1439 quod
1270 1388 1425 1427 vellent.
1476 1388 1641 1436 Restat,
1674 1393 1717 1425 ut
1746 1393 2006 1435 monstretur,
2040 1400 2118 1439 qua
2150 1387 2308 1425 omnino
2339 1400 2384 1426 re

202 1452 363 1506 impulsi
387 1451 559 1504 egerint.
595 1450 728 1494 Quum
751 1457 883 1489 autem
906 1450 944 1489 in
967 1451 1086 1489 rebus
1110 1451 1291 1491 omnibus
1315 1458 1496 1491 naturam
1528 1450 1671 1490 ducem
1694 1456 1973 1504 sequerentur,
2006 1450 2067 1489 vel
2099 1450 2137 1489 in
2166 1450 2235 1500 iis,
2268 1464 2384 1504 quae,

203 1516 388 1557 sensibus
431 1529 511 1554 non
550 1512 778 1568 subjectae,
811 1515 1005 1554 rationem
1046 1514 1163 1554 aliam
1191 1516 1307 1555 nobis
1347 1515 1534 1570 equidem
1566 1514 1748 1554 videntur
1783 1514 2009 1568 requirere,
2051 1518 2251 1568 qu'umque
2290 1514 2385 1554 nihil

202 1581 330 1635 pluris
364 1594 483 1632 quam
516 1579 700 1632 corporis
732 1579 974 1632 xoluptatem
1004 1580 1280 1630 aestimarent,
1323 1593 1413 1619 eam
1442 1592 1540 1619 vero
1569 1585 1734 1632 propter
1763 1578 1944 1632 corporis
1984 1577 2266 1618 mortalitatem
2293 1584 2387 1633 post

202 1644 310 1685 hanc
343 1644 465 1683 vitam
495 1649 776 1696 exspectarent
807 1643 971 1693 nullam,
1004 1641 1129 1683 facilis
1161 1651 1222 1684 est
1251 1642 1506 1697 conjectura,
1547 1643 1721 1683 utilitatis
1753 1642 1941 1696 propriae
1971 1642 2102 1682 studio
2135 1657 2216 1682 non
2244 1657 2385 1698 pamm

207 1723 279 1750 eos
302 1708 502 1748 tribuisse.
538 1706 818 1760 Quodcunque
842 1708 945 1747 enim
967 1708 1124 1747 sibimet
1145 1709 1234 1748 fieri
1257 1709 1307 1748 ab
1332 1708 1416 1747 aliis
1439 1707 1665 1757 voluerunt,
1697 1706 1737 1746 id
1759 1713 1964 1760 praestare
1988 1707 2071 1747 aliis
2098 1707 2228 1761 parati
2251 1714 2385 1747 erant:

206 1786 283 1829 par
306 1772 394 1827 pari
419 1770 597 1822 referre,
630 1771 773 1826 religio
797 1769 880 1812 suit.
915 1772 1056 1826 Itaque
1079 1772 1144 1812 illa
1167 1773 1377 1827 aequitatis
1399 1772 1483 1823 lex,
1517 1786 1632 1826 quam
1656 1771 1709 1811 dii
1730 1772 1769 1811 in
1791 1771 1981 1826 regendis
2003 1771 2227 1812 hominibus
2258 1772 2387 1812 secuti

207 1845 322 1887 sunt,
356 1838 460 1876 inter
490 1836 670 1874 homines
702 1837 819 1875 etiam
852 1836 1022 1875 valuisse
1054 1837 1232 1888 videtur,
1252 1858 1254 1861 ·
1274 1838 1349 1887 ita,
1392 1843 1435 1876 ut
1464 1843 1547 1876 tum
1578 1836 1735 1876 demum
1765 1834 2004 1876 satisfecisse
2037 1836 2111 1876 sibi
2141 1835 2386 1886 viderentur,

208 1903 241 1942 si
272 1907 426 1941 tantum
465 1900 551 1939 aliis
593 1898 793 1949 facerent,
835 1907 1023 1953 quantum
1054 1902 1103 1940 ab
1134 1901 1218 1941 aliis
1250 1900 1400 1941 factum
1430 1901 1525 1954 ipsis
1556 1908 1671 1941 esset.
1725 1900 1834 1940 'ralis
1865 1914 1962 1940 vero
1996 1901 2140 1955 religio
2173 1914 2252 1941 non
2284 1901 2388 1940 inter

208 1961 392 2005 homines
416 1964 544 2003 solum
567 1963 639 2003 sed
662 1964 841 2004 homines
873 1965 975 2004 inter
1005 1965 1182 2019 deosque
1215 1966 1335 2005 etiam
1367 1971 1525 2004 servata
1548 1971 1618 2004 est.
1650 1964 1696 2004 Il.
1719 1964 1847 2005 XVII.
1874 1965 1989 2004 567:
2029 1964 2205 2018 γήθησεν
2234 1965 2278 2004 δὲ
2305 1965 2387 2005 θεὰ

210 2031 436 2080 γλαυκῶπις
454 2026 629 2080 Ἀθήνη,
665 2027 749 2067 ὅττι
781 2026 833 2080 ῥά
855 2027 895 2067 οἵ
915 2027 1146 2081 πάμπρωτα
1168 2034 1279 2069 θεῶν
1300 2027 1475 2082 ἠρήσατο
1498 2028 1662 2068 πάντων
1685 2027 1959 2083 (Menelaus)·
1993 2029 2038 2069 ἐν
2068 2029 2109 2068 δὲ
2132 2032 2221 2081 βίην
2243 2026 2387 2079 ὤμοισι

212 2100 288 2133 etc.
314 2093 471 2145 ἔθηκεν.
506 2091 574 2130 Dii
599 2104 760 2145 quoque
782 2105 856 2145 pro
881 2105 951 2131 sua
975 2091 1170 2146 dignitate
1193 2107 1264 2133 sua
1287 2093 1361 2133 sibi
1385 2092 1579 2132 sacrificia
1603 2098 1719 2147 atque
1742 2092 1916 2133 honores
1939 2107 1963 2132 a
1994 2092 2226 2133 mortalibus
2249 2099 2385 2145 postu-

208 2158 364 2205 labant,
399 2171 524 2209 quae,
568 2156 600 2193 si
631 2169 710 2193 non
740 2156 933 2208 praestita
965 2164 1096 2205 erant,
1129 2158 1228 2195 iram
1261 2171 1401 2196 eorum
1433 2162 1551 2209 atque
1582 2156 1800 2195 inimicitias
1831 2157 2057 2196 movebant.
2098 2156 2144 2196 Il.
2176 2155 2250 2196 IX.
2282 2155 2385 2197 533.

209 2219 287 2262 Od.
312 2220 380 2261 IV.
407 2220 513 2261 351.
547 2218 592 2259 Il.
616 2218 711 2259 XII.
737 2219 777 2259 6.
811 2219 968 2259 XXIII.
994 2221 1097 2260 546.
1131 2220 1177 2260 Il.
1209 2221 1276 2260 IV.
1311 2222 1383 2261 48.
1424 2221 1532 2260 VIII.
1569 2222 1668 2260 203.
1710 2221 1846 2260 XXII.
1883 2223 1984 2260 170.
2027 2221 2176 2259 XXIV.
2209 2221 2280 2260 34.
2313 2221 2387 2260 68.

208 2284 287 2325 Od.
310 2284 343 2325 I.
369 2284 443 2325 60.
469 2284 541 2324 66.
591 2282 749 2323 Eadem
775 2282 861 2322 sola
885 2289 1017 2334 erant,
1051 2284 1193 2338 quibus
1216 2284 1305 2325 irati
1329 2290 1511 2338 poterant
1533 2284 1780 2325 reconciliari
1802 2284 1848 2326 Il.
1872 2285 1945 2326 IX.
1970 2285 2083 2325 499:
2114 2289 2180 2325 καὶ
2200 2289 2275 2336 μὲν
2296 2285 2387 2330 τούς

205 2349 372 2403 (θεοὺς)
403 2351 577 2388 θυέεσσι
598 2352 665 2387 καὶ
694 2348 856 2404 εἰχωλῇς
887 2346 1082 2403 ἀγανῇσιν
1112 2350 1221 2405 λοιβῇ
1238 2363 1281 2388 τε
1304 2352 1444 2405 κνίσσῃ
1470 2364 1513 2389 τε
1534 2345 1834 2403 παρατρωπῶσ’
1864 2347 2105 2403 ἄνθρωποι,
2137 2346 2387 2401 λισσόμενοι,

207 2413 275 2455 ὅτε
297 2417 364 2453 κὲν
386 2428 443 2458 τις
465 2410 642 2469 ὑπερβήῃ
664 2416 731 2451 καῖ
754 2409 925 2469 ἁμάρτῃ.
969 2412 1038 2451 Sin
1067 2412 1269 2452 hominum
1300 2412 1442 2453 delicta
1465 2420 1531 2453 aut
1560 2414 1714 2454 scelera
1746 2421 1860 2455 erant
1888 2412 2063 2468 majora,
2097 2427 2215 2468 quam
2246 2412 2388 2467 quibus

206 2479 510 2533 ignosceretur,
554 2491 634 2517 non
674 2476 808 2516 statim
843 2476 1049 2516 sacrificiis
1087 2476 1255 2516 deorum
1294 2477 1377 2516 irae
1417 2478 1690 2518 flectebantur.
1745 2479 1944 2518 Homines
1982 2478 2153 2517 vicissim
2190 2477 2387 2518 sacrificia

205 2542 406 2593 offerunt,
440 2556 583 2596 preces
606 2540 788 2592 mlttunt,
822 2540 895 2582 sed
919 2540 1003 2582 sine
1027 2540 1106 2581 ullo
1130 2541 1397 2594 poenitentiae
1419 2559 1554 2593 sensu,
1592 2544 1677 2583 sine
1699 2543 1780 2583 ullo
1813 2558 1968 2583 morum
1999 2551 2140 2595 postea
2172 2542 2386 2581 emendan-

205 2608 350 2646 dorum
374 2606 559 2657 consilio,
593 2606 678 2645 sine
700 2605 780 2644 ulla
803 2605 923 2645 animi
955 2604 1221 2661 aegritudine.
1270 2605 1407 2648 Potius
1435 2607 1508 2649 iste
1541 2606 1710 2649 deorum
1743 2607 1870 2650 cultus
1903 2612 2057 2662 partem
2089 2604 2387 2649 consuetudinis

206 2680 286 2723 est,
321 2687 425 2726 quae
448 2679 615 2725 propter
636 2678 878 2712 vetustatem
901 2672 939 2711 in
963 2686 1097 2711 mores
1121 2671 1389 2712 emendandos
1411 2688 1550 2726 parum
1572 2674 1723 2724 influit,
1740 2674 1902 2727 *partim
1925 2687 1974 2712 eo
1997 2687 2116 2712 sensu
2148 2678 2189 2711 et
2220 2672 2385 2712 consilio

205 2736 385 2787 habitus,
418 2743 462 2777 ut
497 2750 520 2776 a
544 2735 618 2776 diis
651 2736 952 2790 opportunitate
982 2735 1116 2777 oblata
1148 2736 1374 2776 muneribus
1396 2736 1621 2778 referantur
1650 2752 1828 2778 munera.
1885 2737 1991 2783 Quid
2020 2736 2129 2792 quod
2161 2737 2253 2777 mali
2281 2736 2386 2778 adeo

208 2799 385 2841 homines
417 2809 533 2841 sa'cra
566 2799 703 2840 facere
735 2802 786 2839 ob
817 2801 973 2841 scelera
1003 2815 1083 2840 non
1106 2808 1307 2840 verentur.
1343 2802 1418 2842 Od.
1441 2803 1516 2842 III.
1543 2804 1646 2842 272.
1679 2803 1791 2842 VIII.
1822 2802 1926 2842 425.
1960 2802 2074 2842 XIX.
2100 2801 2203 2842 273.
2248 2802 2388 2848 Quare

210 2863 243 2902 si
274 2865 380 2904 malis
411 2864 592 2904 homines
626 2871 849 2917 tentantur,
884 2865 936 2905 ad
968 2866 1033 2905 illa
1063 2872 1287 2920 provocant
1311 2866 1385 2907 Od.
1407 2867 1474 2908 IV.
1501 2867 1604 2908 763.
1638 2866 1683 2906 Il.
1707 2866 1740 2906 I.
1765 2866 1838 2906 40.
1863 2867 1966 2907 405.
2007 2865 2118 2906 VIII.
2152 2865 2255 2906 236.
2297 2865 2384 2906 XV.

211 2927 317 2968 372.
352 2929 427 2970 Od.
450 2930 525 2970 III.
551 2930 624 2982 59,
658 2936 727 2970 aut
748 2944 792 2971 se
816 2930 1022 2972 oblaturos
1044 2930 1304 2986 promittunt,
1337 2938 1378 2972 ut
1400 2931 1639 2986 eripiantur,
1663 2936 1733 2971 aut
1756 2929 1930 2972 offerunt
1952 2929 2101 2983 erepti,
2127 2943 2203 2972 nec
2225 2943 2387 2984 semper
