2578 3373
1015 283 1201 290 ——
1283 257 1314 303 8

207 380 471 424 usitatissimis
510 378 665 433 sibique
704 377 918 419 notissimis
951 383 1109 432 petant,
1161 391 1241 432 quo
1284 377 1382 419 illud
1420 377 1636 432 formetur,
1679 379 1925 430 instituatur,
1966 379 2204 421 nominetur.
2259 380 2390 422 Veluti

209 444 411 488 christiani
439 457 520 482 non
552 457 643 482 esse
675 440 778 482 infra
811 457 855 482 se
887 448 1067 491 censent,
1101 441 1152 480 ad
1173 441 1309 481 Deum
1331 443 1573 495 transferre,
1606 444 1714 499 quod
1744 444 1945 483 hominum
1966 444 2173 499 proprium
2207 450 2288 495 est,
2320 446 2391 495 ita,

211 517 253 552 ut
281 517 322 551 et
349 507 510 548 nomina
540 513 582 547 et
613 506 781 548 virtutes
813 513 854 547 et
883 505 998 547 animi
1029 505 1199 546 affectus
1231 506 1268 546 ei
1300 507 1478 550 tribuant
1500 532 1561 539 —
1585 522 1822 563 quamquam
1852 508 2033 563 plerique
2060 515 2173 549 recte
2203 508 2391 559 sentiunt,

208 575 309 616 haec
330 573 424 613 talia
446 586 527 612 non
550 572 768 612 convenire
789 571 864 611 nisi
886 571 1084 611 hominum
1106 570 1388 622 imbecillitati,
1411 572 1595 627 inopiae,
1619 573 1811 628 angustiis
1829 596 1883 603 -·
1907 572 1965 613 sic
1983 571 2163 613 homines
2179 572 2391 613 Homerici

209 654 233 679 a
254 638 333 678 suis
356 637 478 676 rebus
502 636 729 689 exemplum
752 642 972 684 sumentes,
1005 641 1130 673 totam
1153 634 1401 675 divinitatem
1424 637 1480 676 ita
1502 637 1606 677 inter
1626 637 1814 677 mortales
1838 636 2073 687 diviserunt,
2101 644 2146 677 ut
2166 637 2230 677 vel
2253 637 2391 677 civitas

208 700 408 757 quaedam
431 700 603 740 deorum
625 699 689 739 vel
710 698 857 739 familia
880 700 1104 748 exsisteret,
1138 698 1264 752 qualis
1286 696 1375 739 fere
1398 701 1507 754 apud
1529 702 1637 755 ipsos
1661 709 1821 755 reperta
1844 708 1915 741 est.
1957 699 2041 740 Sed
2063 715 2142 741 non
2172 701 2229 742 ita
2251 700 2390 741 divini-

207 773 331 807 tatem
373 765 616 814 diviserunt,
658 771 704 804 ut
730 764 817 818 ipsa
848 763 1144 803 imminueretur
1175 768 1245 803 aut
1277 765 1585 816 extenuaretur,
1620 766 1752 820 potius
1782 772 1826 806 ut
1854 766 1894 805 in
1924 764 2102 820 singulos
2132 765 2261 805 effusa
2293 764 2392 805 deos

208 830 328 887 plena
350 830 400 871 ab
424 829 608 870 omnibus
630 828 859 870 haberetur.

1205 961 1269 1014 c,
1305 962 1405 1039 lx.

339 1082 489 1129 Quoad
511 1082 637 1137 igitur
659 1081 851 1132 morales,
884 1088 927 1121 ut
949 1081 1002 1121 ita
1025 1080 1175 1131 dicam,
1208 1080 1262 1121 dii
1285 1082 1497 1122 Homerici
1528 1089 1638 1134 sunt,
1672 1083 1776 1122 inter
1806 1097 1997 1137 se.pares
2028 1082 2234 1123 habentur.
2270 1083 2391 1128 Quod

209 1150 383 1204 primum
414 1162 464 1187 ex
494 1148 540 1187 Il.
564 1148 674 1187 XVI.
707 1148 797 1186 446
832 1146 1071 1200 intelligitur.
1135 1146 1241 1185 Nam
1278 1160 1301 1185 a
1331 1147 1515 1197 Junone,
1559 1161 1610 1187 ne
1641 1146 1919 1200 Sarpedonem
1948 1148 2066 1187 morti
2096 1148 2256 1201 eripiat,
2298 1147 2390 1187 Jovi

211 1212 496 1261 dissuadente,
539 1219 579 1251 et
609 1211 685 1251 alia
717 1217 757 1251 et
786 1210 883 1251 haec
912 1210 951 1249 in
981 1210 1114 1263 primis
1146 1209 1406 1264 objiciuntur:
1448 1209 1558 1261 fore,
1600 1218 1644 1251 ut
1675 1211 1815 1265 reliqui
1854 1211 1908 1251 dii
1947 1218 2089 1265 postea
2121 1211 2288 1252 eandem
2317 1211 2391 1252 sibi

210 1277 414 1318 licentiam
444 1275 535 1315 fieri
566 1275 739 1329 cupiant.
792 1273 949 1314 Deinde
980 1273 1057 1313 Od.
1094 1273 1202 1314 XVI.
1235 1275 1326 1314 402
1370 1274 1657 1329 Amphinomus
1698 1288 1777 1315 non
1808 1289 1898 1315 esse
1935 1275 2222 1315 Telemachum
2260 1276 2390 1316 statim

211 1341 441 1382 necandum
481 1346 642 1378 censet:
691 1337 791 1377 ἀλλὰ
827 1342 968 1391 πρῶτα
1009 1342 1118 1378 θεῶν
1157 1338 1363 1391 εἰρώμεθα
1402 1340 1569 1389 βουλὰς,
1621 1341 1658 1379 εἰ
1695 1343 1771 1389 μέν
1802 1338 1834 1378 κ’
1867 1338 2064 1392 αἰνήσωσι
2095 1341 2191 1385 Διὸς
2221 1340 2392 1391 μεγάλου

211 1409 431 1456 θέμιστες,
462 1401 582 1448 αὐτός
603 1400 772 1442 τ’--·
795 1403 831 1442 εἷ
851 1403 893 1442 ὄὲ
914 1399 945 1441 κ’
968 1399 1241 1455 ἀποτρωπῶσι
1264 1407 1372 1450 θεοὶ,
1407 1401 1657 1443 παύσασθαι
1681 1400 1828 1453 ἄνωγα.
1864 1400 1926 1443 Cf.
1950 1401 2029 1442 Od.
2052 1402 2162 1443 VIII.
2187 1404 2278 1443 410
2303 1418 2393 1444 cum

214 1469 323 1511 465.
359 1466 439 1508 Od.
462 1466 571 1507 XIV.
598 1466 671 1506 53.
694 1465 843 1506 XVIII.
870 1466 925 1506 19
950 1479 1039 1505 cum
1062 1464 1139 1506 Od.
1162 1466 1229 1507 VI.
1259 1466 1359 1508 188.
1384 1465 1464 1512 Od.
1487 1466 1597 1507 XIV.
1622 1466 1680 1507 53
1706 1480 1796 1506 cum
1818 1465 1863 1507 Il.
1886 1466 1962 1507 ΠΙ.
1996 1466 2086 1507 298
2119 1472 2160 1506 et
2185 1466 2252 1507 VI.
2289 1468 2393 1508 259.

215 1534 262 1573 Il.
285 1532 440 1572 XVIII.
468 1532 569 1570 115.
604 1531 712 1569 Tum
735 1530 865 1568 cuncti
888 1530 1126 1568 immortales
1149 1530 1202 1569 dii
1225 1538 1336 1579 sunt,
1371 1529 1603 1577 ἀθάνατοι,
1637 1529 1880 1580 ἆειγενὲται,
1915 1533 2004 1570 αἰὲν
2033 1530 2188 1578 ἐόντες,
2223 1538 2266 1570 ut
2294 1545 2392 1570 nun-

217 1611 339 1652 quam
371 1596 456 1635 sine
486 1594 809 1634 moderatoribus
838 1593 1006 1634 mundus
1035 1592 1186 1634 futurus
1218 1595 1286 1642 sit,
1322 1601 1558 1635 cunctorum
1589 1593 1770 1635 voluntas
1801 1594 1840 1635 in
1873 1595 2020 1634 bonum
2049 1608 2262 1648 propensa.
2313 1594 2393 1636 Od.

216 1661 330 1704 VIII.
356 1660 461 1702 329.
484 1658 643 1700 XXIII.
680 1659 751 1699 60.
780 1658 853 1699 ΙΧ.
887 1659 990 1699 479.
1019 1658 1124 1699 XIV.
1157 1659 1228 1701 82.
1260 1659 1390 1700 XVII.
1425 1659 1530 1701 483.
1560 1658 1709 1700 XXIV.
1740 1659 1844 1700 351.
1888 1659 2033 1699 Cuncti
2065 1659 2183 1699 etiam
2214 1667 2394 1715 possunt,

219 1725 330 1781 quod
352 1725 510 1773 volunt;
543 1730 711 1777 possunt
732 1730 863 1762 autem
887 1724 1017 1763 omnia
1040 1723 1115 1764 Od.
1138 1725 1189 1764 X.
1215 1725 1318 1764 306.
1341 1724 1450 1764 XIV.
1476 1724 1548 1764 53.
1571 1724 1682 1764 VIII.
1705 1725 1811 1764 410.
1833 1724 1879 1764 Il.
1902 1724 2060 1764 XXIII.
2086 1725 2189 1765 546.
2214 1724 2293 1765 Od.
2316 1725 2392 1766 ΠΙ.

224 1792 296 1832 12.
320 1790 353 1830 Ι.
379 1790 484 1829 222.
507 1788 597 1828 VII.
626 1787 727 1828 148.
750 1787 863 1828 XIX.
890 1788 993 1828 591.
1015 1787 1123 1828 VIII.
1150 1789 1249 1829 167.
1272 1789 1318 1829 Il.
1344 1789 1417 1829 ΙΙΙ.
1443 1789 1516 1829 65.
1542 1788 1614 1829 66.
1638 1787 1716 1829 od.
1736 1788 1809 1829 XI.
1838 1788 1940 1839 139,
1964 1787 2072 1843 quod
2094 1788 2149 1829 ita
2170 1802 2250 1829 non
2274 1795 2393 1838 esset,

219 1855 294 1896 nisi
318 1854 451 1894 omnia
475 1853 635 1893 scirent.
671 1852 811 1891 Sciunt
834 1859 965 1891 autem
990 1860 1030 1892 et
1052 1853 1190 1892 omnia.
1225 1852 1302 1893 Od.
1327 1853 1420 1892 XX.
1447 1855 1471 1892 7
1479 1854 1527 1892 6:
1562 1853 1660 1898 Ζεὺς
1681 1849 1725 1893 εὖ
1756 1853 1864 1893 οἶδεν
1886 1852 2064 1893 ἅπαντα.
2098 1853 2144 1893 Il.
2167 1853 2275 1893 XVI.
2301 1854 2392 1893 515

219 1918 272 1960 de
295 1918 503 1973 Apolline:
545 1915 719 1957 δύνασαι
742 1916 784 1956 δὲ
807 1916 856 1956 σὺ
879 1912 1049 1957 πάντοσ)
1078 1914 1243 1957 ἀκούειν.
1278 1917 1324 1957 ΙΙ.
1347 1917 1498 1957 XXIV.
1525 1916 1629 1957 290.
1664 1915 1743 1957 Od.
1765 1916 1832 1957 IV.
1857 1917 1970 1958 468:
2002 1920 2095 1958 θεοὶ
2123 1917 2169 1958 δέ
2189 1933 2233 1958 τε
2254 1916 2392 1958 πάντα

219 1986 374 2024 ἴσασιν.
420 1981 525 2021 Justi
556 1980 728 2033 denique
759 1986 850 2019 sunt
880 1980 917 2019 in
949 1994 1018 2029 eo,
1051 1981 1156 2033 quod
1186 1982 1347 2020 nimium
1380 1995 1461 2020 non
1493 1981 1707 2034 patiuntur.
1760 1981 1910 2021 Omnes
1943 1981 2160 2021 secundam
2190 1980 2390 2021 fortunam

219 2046 444 2087 hominibus
467 2044 664 2098 praebent
686 2043 765 2083 Od.
789 2044 856 2083 IV.
883 2045 921 2083 7.
945 2045 1048 2084 480.
1080 2045 1180 2084 520.
1212 2046 1278 2085 VI.
1316 2045 1417 2085 180.
1450 2045 1560 2085 VIII.
1590 2045 1694 2085 410.
1728 2045 1835 2085 XIV.
1868 2045 1940 2085 53.
1970 2045 2122 2085 XVIH.
2158 2045 2236 2096 19,
2269 2044 2389 2085 iidem

220 2111 431 2151 adversam
456 2108 536 2149 Od.
560 2108 649 2147 VII.
675 2109 779 2147 217.
805 2109 908 2147 242.
931 2108 1084 2148 XXIII.
1110 2110 1209 2148 210.
1242 2109 1287 2149 ΙΙ.
1319 2109 1393 2149 XI.
1427 2110 1530 2149 276.
1566 2108 1644 2149 Od.
1675 2109 1707 2149 I.
1742 2109 1845 2149 234.
1877 2110 1997 2149 Haec
2027 2109 2172 2163 igitur,
2206 2123 2307 2163 quae
2338 2109 2388 2149 ad

220 2174 393 2215 ethicam
431 2173 710 2226 requiruntur,
754 2170 808 2210 dii
847 2172 1055 2211 Homerici
1092 2172 1246 2212 habent.
1310 2173 1579 2213 Desideratur
1623 2180 1734 2213 certa
1780 2172 1864 2223 lex,
1916 2172 2136 2213 secundum
2175 2188 2291 2227 quam
2334 2173 2389 2213 ita

214 2238 440 2294 judicetur,
474 2243 519 2277 ut
540 2235 646 2276 nulla
668 2249 734 2275 res
756 2242 918 2290 praeter
948 2237 1115 2276 animum
1138 2243 1177 2277 et
1205 2238 1410 2278 consilium
1441 2238 1480 2277 in
1511 2237 1713 2277 hominum
1741 2235 1856 2278 factis
1877 2238 2125 2292 respiciatur.
2158 2238 2264 2278 Hinc
2294 2251 2388 2292 pro-

220 2304 351 2344 babile
375 2304 439 2353 fit,
475 2301 669 2341 exsistere
693 2299 892 2354 quandam
915 2301 1053 2340 aetatis
1074 2302 1314 2342 Homericae
1338 2302 1529 2352 ethicam,
1563 2316 1643 2342 non
1665 2316 1801 2342 veram
1831 2309 1899 2342 aut
1928 2303 2110 2356 plenam,
2144 2316 2245 2356 quae
2286 2303 2387 2342 exsi-

221 2375 328 2408 stere
351 2381 431 2406 non
454 2371 603 2420 potest,
636 2364 710 2403 nisi
733 2364 885 2403 animus
910 2379 932 2402 a
956 2379 1126 2417 corpore
1148 2367 1303 2405 omnino
1326 2365 1447 2406 fuerit
1467 2373 1601 2406 mente
1624 2372 1665 2406 et
1690 2366 1938 2421 cogitatione
1960 2372 2150 2406 secretus.
2184 2366 2263 2407 Ubi
2285 2366 2389 2406 enim

221 2447 301 2472 non
326 2431 569 2480 secernitur,
603 2429 657 2468 ibi
688 2443 844 2468 morem
874 2428 997 2468 habes
1029 2430 1449 2485 consuetudinemque,
1476 2442 1561 2470 'non
1594 2430 1786 2481 ethicam,
1820 2446 1924 2485 quae
1957 2429 2110 2470 dicitur.
2152 2430 2221 2471 Sic
2251 2444 2388 2471 omnes

220 2495 423 2543 homines,
456 2495 523 2550 qui
556 2495 596 2535 in
627 2493 801 2535 Homeri
833 2492 1071 2533 carminibus
1108 2492 1404 2547 describuntur,
1444 2508 1567 2536 caeco
1608 2494 1769 2550 quidem
1807 2492 1989 2536 feruntur
2029 2494 2199 2549 impetu,
2230 2500 2275 2535 ut
2304 2494 2390 2535 illas

222 2560 392 2600 deorum
415 2560 580 2598 virtutes
603 2564 849 2613 agnoscant,
872 2557 945 2597 sed
968 2563 1158 2611 angustos
1181 2558 1252 2596 hos
1274 2560 1540 2612 praestantiae
1563 2559 1724 2598 moralis
1743 2561 1842 2599 fines
1864 2573 1915 2598 ne
1934 2557 2211 2612 perfectissimi
2230 2558 2390 2612 quidem

222 2625 379 2679 egressi
402 2631 503 2663 sunt.
538 2624 685 2676 Neque
707 2636 877 2675 usquam
900 2621 1051 2661 altioris
1074 2620 1125 2660 de
1154 2622 1326 2662 moribus
1355 2623 1533 2663 humanis
1562 2624 1781 2676 sapientiae
1813 2622 1980 2676 vestigia
2010 2623 2282 2677 reperiuntur,
2316 2638 2391 2663 nec

222 2688 423 2730 interioris
446 2701 580 2728 rerum
612 2686 836 2727 divinarum
865 2685 1070 2727 scientiae.
1119 2685 1184 2726 Ne
1215 2686 1441 2729 sacerdotes
1473 2687 1634 2743 quidem
1663 2687 1751 2743 plus
1780 2687 1929 2739 sciunt,
1962 2701 2079 2743 quam
2110 2686 2245 2727 ceteri.
2291 2686 2392 2729 Sunt

227 2754 397 2801 omnino,
421 2753 487 2807 qui
510 2751 749 2792 vaticinandi
771 2750 963 2791 facultate
987 2750 1204 2801 emineant,
1227 2750 1298 2790 sed
1320 2751 1417 2792 haec
1440 2753 1479 2792 in
1502 2767 1639 2792 earum
1661 2767 1827 2793 numero
1846 2758 1919 2802 est,
1942 2767 2040 2807 quas
2063 2751 2148 2791 aliis
2169 2750 2391 2792 hominibus

227 2815 320 2856 alias
343 2817 395 2858 dii
418 2832 492 2871 pro
516 2816 682 2857 arbitrio
706 2815 1016 2870 dispertiuntur,
1049 2828 1128 2855 non
1152 2829 1221 2866 ea,
1253 2830 1353 2870 quae
1375 2817 1564 2858 interiore
1596 2816 1715 2858 divini
1746 2816 1914 2857 numinis
1936 2815 2102 2858 scientia
2125 2823 2390 2870 comparetur.

228 2879 362 2924 Quare
385 2895 503 2935 quum
526 2881 626 2920 haec
649 2880 704 2920 ita
727 2881 824 2931 sint,
858 2880 897 2920 in
919 2879 994 2919 illis
1019 2879 1247 2927 virtutibus,
1279 2893 1374 2933 quas
1403 2895 1523 2936 supra
1545 2881 1871 2931 memoravimus,
1903 2887 1989 2921 tota
2012 2880 2180 2919 deorum
2201 2881 2390 2921 Homeri-

227 2957 377 2994 corum,
396 2952 438 2986 ut
453 2946 508 2986 ita
526 2945 668 2996 dicam,
686 2946 812 2986 robur
829 2952 891 2987 est
904 2951 1027 2999 atque
1042 2944 1296 2998 praestantia.
1319 2945 1405 2986 Has
1425 2953 1465 2987 et
1481 2947 1660 2987 homines
1679 2952 1909 3000 sequuntur,
1928 2946 1999 2986 has
2019 2945 2176 2998 assequi
2190 2951 2389 2999 poterunt.
