2578 3373
1010 300 1574 347 —15.-.-

208 433 310 478 quae
339 420 377 462 in
401 430 534 462 rerum
555 425 695 462 natura
717 420 837 473 fiant,
869 419 964 463 nihil
986 420 1256 473 sciscitantes,
1278 419 1386 463 unde
1408 419 1611 470 venerint,
1634 424 1749 460 certe
1770 433 1849 460 non
1871 418 2176 471 ratiocinantes,
2199 417 2383 461 diversae

208 498 272 525 res
302 499 325 525 e
357 485 523 524 diversis
554 486 682 525 causis
711 485 1039 541 proficiscantur,
1084 497 1173 525 esse
1211 498 1396 537 necesse,
1438 490 1509 527 aut
1545 481 1740 540 quidquid
1779 481 1886 523 aliud
1925 482 2005 525 tale
2036 482 2218 526 subtilius
2256 484 2384 539 possit

209 550 444 603 excogitari.
477 549 562 588 Sed
584 549 1016 599 laetantur-(secundis,
1050 549 1227 588 adversis
1258 550 1413 601 dolent,
1447 550 1499 589 de
1531 549 1637 588 nulla
1669 562 1714 586 re
1744 548 1821 586 alia
1851 549 2097 602 cogitantes,
2129 550 2203 588 nisi
2236 549 2291 589 de
2320 562 2383 599 ea,

208 628 312 669 quae
333 626 439 653 nunc
461 614 628 655 maxime
649 614 689 654 in
711 613 891 654 manibus
921 620 994 654 est.
1034 612 1163 653 Iidem
1193 614 1289 653 satis
1318 613 1465 654 habent
1494 612 1702 653 nonnullas
1733 611 1892 652 novisse
1920 610 2133 663 formulas,
2166 613 2311 667 quibus
2344 614 2384 653 in

209 678 328 719 rebus
351 676 491 717 divinis
514 685 684 718 utantur.
717 679 811 718 Hae
834 677 970 733 utique
993 683 1074 717 tam
1097 676 1251 732 amplae
1274 685 1407 730 erant,
1431 685 1474 718 ut
1496 677 1614 718 variis
1637 676 1829 727 maxime,
1852 676 1945 731 quin
1968 676 2242 719 diversissimis
2262 678 2383 720 animi

211 744 393 797 vitaeque
416 742 706 784 conditionibus
730 742 1042 797 responderent,
1076 748 1197 796 atque
1228 742 1339 796 ipsae
1370 743 1481 797 quasi
1512 757 1586 797 pro
1618 741 1930 797 cogitationibus
1960 749 2104 783 essent.
2144 744 2205 783 An
2235 744 2381 785 nostris

209 808 350 848 diebus
390 807 553 858 desunt,
593 808 659 862 qui
692 807 767 847 hac
800 822 846 847 re
875 807 1032 847 illorum
1069 806 1252 846 simillimi
1286 808 1390 847 sint?
1443 822 1517 847 nec
1554 808 1581 847 ii
1622 821 1785 861 semper
1812 806 1916 846 male
1952 807 2027 860 pii,
2070 807 2143 847 sed
2176 808 2380 863 cogitandi

209 871 448 925 dicendique
477 872 753 924 imperitiores.
795 871 879 911 Eas
910 878 1044 910 autem
1075 870 1264 922 plurimas
1294 871 1333 910 in
1363 872 1533 910 Homeri
1564 871 1807 910 carminibus
1839 871 2018 923 reperire
2050 870 2262 922 formulas,
2302 886 2381 911 non

209 932 372 977 difficile
395 935 481 977 erit.
515 938 721 986 Attamen,
745 934 922 989 quamvis
945 934 1047 975 haec
1070 934 1124 975 ita
1147 935 1242 984 sint,
1264 951 1381 988 quam
1403 936 1533 976 multis
1554 936 1655 975 locis
1677 935 1847 975 deorum
1871 934 2058 975 fiduciam
2079 936 2250 987 professi
2272 939 2381 976 sunt!

209 1001 326 1041 Hanc
357 999 462 1040 omni
500 999 756 1055 cogitationi,
798 997 1077 1054 disputationi,
1120 996 1353 1040 dubitationi
1383 1006 1579 1041 exemtam
1609 998 1747 1040 intimo
1786 997 1917 1039 animo
1947 995 2142 1040 foverunt.
2188 1000 2309 1042 Hanc
2340 1009 2381 1042 et

209 1066 334 1117 ipsam
357 1064 553 1102 nescimus
577 1078 655 1117 quo
678 1070 798 1117 pacto
822 1077 845 1102 a
868 1062 1085 1117 majoribus
1108 1063 1219 1117 quasi
1240 1063 1463 1103 hereditate
1485 1070 1744 1118 acceperunt,
1766 1062 1870 1102 hanc
1892 1076 1970 1102 non
1990 1076 2141 1103 meram
2156 1063 2380 1106 habuerunt

208 1127 440 1176 formulam,
473 1128 545 1166 sed
566 1135 652 1166 tota
674 1128 754 1166 vita
777 1128 1092 1179 comprobatam.
1126 1129 1184 1165 Ac
1206 1127 1388 1179 profecto
1412 1128 1548 1166 sedem
1572 1129 1604 1165 si
1621 1127 1868 1180 quaerimus,
1903 1141 2006 1180 quae
2036 1128 2085 1166 sit
2106 1128 2184 1165 Dei
2206 1129 2378 1168 fiduciae

209 1191 386 1246 ipsorum
409 1196 591 1241 nostrae,
624 1205 703 1230 non
726 1189 842 1230 aliam
865 1189 1119 1240 habebimus,
1152 1196 1270 1245 atque
1293 1191 1449 1231 intimos
1479 1191 1597 1231 animi
1630 1204 1836 1240 recessuS,
1869 1190 2064 1244 siquidem
2094 1205 2181 1231 eam
2212 1191 2378 1233 dicimus

209 1255 418 1304 fiduciam,
462 1268 564 1309 quae
604 1262 666 1294 est
703 1268 824 1309 supra
854 1260 1030 1294 mentem
1063 1268 1219 1294 omnem
1256 1269 1493 1310 omnemque
1525 1255 1828 1310 cogitationem.
1877 1255 2051 1295 Mentem
2086 1256 2189 1296 enim
2221 1258 2378 1311 saepius

208 1326 374 1359 censent
403 1333 559 1369 errare,
594 1333 711 1373 quam
742 1319 936 1369 animum,
969 1332 1161 1373 perverso
1185 1319 1290 1359 cultu
1322 1333 1399 1359 non
1421 1320 1611 1360 vitiatum.
1656 1320 1869 1374 Quotquot
1898 1320 2022 1374 igitur
2050 1319 2250 1374 paululum
2283 1335 2376 1362 con-

208 1391 334 1424 tortas
357 1383 524 1423 deorum
546 1381 695 1422 formas
717 1383 898 1423 homines
919 1383 1131 1423 Homerici
1152 1383 1224 1423 sibi
1244 1382 1577 1433 informaverunt,
1610 1383 1693 1423 fido
1716 1390 1851 1423 tamen
1874 1384 2003 1422 animo
2026 1398 2165 1423 eorum
2191 1384 2378 1425 fiduciam

208 1463 231 1487 a
263 1445 477 1500 majoribus
508 1454 716 1501 acceptam
747 1447 1016 1497 retinuerunt,
1058 1453 1196 1501 atque,
1236 1448 1267 1486 si
1297 1455 1410 1487 recte
1450 1447 1638 1487 dicuntur
1676 1448 1752 1501 pii,
1785 1448 1854 1502 qui
1883 1454 1990 1487 totos
2020 1463 2065 1488 se
2095 1463 2184 1488 esse
2211 1450 2397 1490 numinis.

206 1511 357 1552 altioris
397 1511 607 1565 potestati,
657 1510 823 1562 auxilio,
873 1511 1111 1566 benignitati
1148 1511 1358 1563 obnoxios,
1407 1512 1513 1551 omni
1553 1519 1739 1566 tempore
1769 1509 1971 1562 sentiunt,
2011 1520 2122 1552 aetas
2160 1514 2378 1554 Homerica

209 1576 381 1615 omnium
403 1576 574 1614 maxime
596 1575 662 1628 pia
683 1573 768 1615 fuit.
803 1574 881 1615 Od.
899 1575 953 1614 II.
967 1576 1057 1615 372
1079 1575 1344 1615 Telemachus
1365 1575 1601 1629 Eurycliae:
1624 1575 1790 1629 θάρσει,
1813 1574 1897 1627 μᾶἰ
1920 1577 2008 1617 ἐπεῖ
2030 1574 2141 1617 οὗτοι
2163 1574 2259 1619 ἄνεν
2280 1581 2379 1619 θεοῦ

208 1640 272 1693 ἥδε
303 1656 345 1691 γε
374 1638 506 1693 βουλή.
553 1638 632 1679 Od.
664 1639 739 1679 III.
774 1641 854 1679 47:
888 1638 1036 1686 πάντες
1064 1640 1105 1680 δὲ
1135 1643 1242 1680 θεῶν
1262 1638 1454 1689 χατέουσ’
1485 1637 1725 1694 ἄνθρωποι,
1762 1653 1807 1680 v.·
1832 1642 1926 1681 27.:
1960 1639 2006 1681 οὖ
2035 1642 2109 1695 γὰρ
2132 1646 2227 1691 οΐω,
2262 1641 2308 1683 οἶῗ
2333 1656 2376 1682 σε

206 1708 318 1745 θεῶν
339 1702 472 1757 ἇὲκητι
494 1707 688 1755 γενέσθαι
710 1719 754 1744 τε
777 1707 1038 1757 τραφέμεντε.
1072 1704 1187 1743 Haec
1204 1703 1382 1743 Minerva
1405 1703 1666 1744 Telemacho.
1700 1704 1746 1744 ΙΙ.
1771 1711 1906 1744 autem
1928 1705 2016 1745 VII.
2044 1706 2129 1745 101
2162 1705 2378 1752 Menelaus,
2444 1716 2450 1720 '

207 1769 384 1823 quamvis
407 1768 553 1807 viribus
576 1767 750 1807 Hectori
771 1766 958 1819 inferior,
992 1774 1191 1808 certamen
1212 1768 1378 1807 initurus
1402 1774 1484 1807 est:
1517 1766 1645 1821 αὗτάρ
1676 1768 1859 1822 ὕπερθεν
1892 1772 1995 1822 νίκης
2024 1768 2189 1823 πείρατ’
2222 1770 2377 1820 ἔχονται

204 1834 249 1872 ἐν
278 1831 526 1872 ἀθανάτοισι
556 1836 728 1871 θεοῖσιν.
772 1831 886 1871 Idem
907 1830 994 1871 fere
1016 1832 1061 1871 Il.
1084 1832 1173 1871 XX.
1197 1832 1285 1870 434
1310 1832 1472 1871 Hector
1492 1831 1656 1871 Achilli:
1688 1834 1802 1881 οἶδα,
1834 1833 1898 1873 ὅτι
1930 1835 1980 1872 ‹ri›
2008 1838 2082 1885 μὲν
2103 1835 2272 1883 ἐσθλὸς,
2305 1835 2378 1885 ἐγώ

205 1898 246 1938 δὲ
272 1900 398 1938 σέθεν
419 1896 522 1937 πολὺ
544 1900 700 1949 χείρων.
735 1893 819 1936 ἀλλ’
853 1894 938 1949 ἤτοι
967 1900 1042 1948 μὲν
1070 1899 1194 1936 ταῦτα
1224 1899 1335 1936 θεῶν
1363 1896 1409 1936 ἐν
1439 1895 1606 1946 γούνασι
1639 1902 1788 1945 κεῖται,
1821 1900 1872 1937 αἶ’
1896 1900 1940 1937 κέ
1977 1911 2025 1938 σε
2054 1898 2274 1951 χειρότερός
2302 1915 2378 1951 περ

202 1962 281 2002 ἐῶν
316 1959 400 2002 ἀπὸ
436 1960 573 2012 θυμὸν
608 1961 770 2012 ἕλωμαι.
827 1960 999 2001 Maxima
1030 1959 1146 2000 etiam
1176 1958 1326 2014 pietate
1360 1958 1460 2000 deos
1492 1966 1693 2002 verentur.
1736 1959 1816 2002 Od.
1848 1960 1957 2003 XIV.
1991 1962 2081 2003 402
2112 1977 2186 2016 per
2214 1962 2379 2004 ironiam

204 2027 407 2064 Eumaeus
430 2025 557 2065 Ulixi:
589 2023 706 2072 ξεῖν’,
742 2025 846 2064 οὕτω
868 2024 942 2076 γάρ
964 2028 1031 2064 κέν
1050 2040 1116 2075 μοι
1138 2025 1287 2077 ἐϋκλείη
1317 2022 1350 2062 τ’
1382 2022 1546 2078 ἆρετῆτε
1577 2027 1635 2078 εἴη
1666 2023 1729 2065 ἐπ’
1763 2023 2029 2080 ἀνθρώπους,
2065 2026 2147 2079 ἅμα
2175 2025 2208 2067 τ’
2238 2024 2379 2068 αὐτίκα

203 2096 269 2129 καὶ
290 2094 506 2141 μετέπειτα
516 2121 531 2136 ,.
566 2089 607 2133 ὅς
629 2087 670 2127 α’
691 2090 780 2128 ἐπεὶ
802 2090 842 2133 ἐς
862 2091 1016 2141 κλισίην
1038 2087 1205 2138 ἄγαγον,
1239 2094 1305 2127 καὶ
1336 2093 1471 2136 ξείνια
1485 2089 1617 2136 δῶκα,
1652 2087 1765 2134 αὖτις
1786 2091 1828 2129 δὲ
1852 2095 2071 2141 κτείναιμι,
2102 2093 2220 2143 ([ίλον
2240 2090 2272 2130 τ’
2295 2090 2381 2132 ἀπὸ

205 2154 339 2206 θυμὸν
361 2152 542 2207 ἑλοίμην·
577 2151 774 2207 πρόφρων
795 2168 863 2195 κεν
885 2153 931 2206 δὴ
964 2153 1101 2194 ἔπειτα
1124 2154 1203 2192 Δία
1225 2152 1439 2206 Κρονίωνα
1460 2152 1653 2205 λιτοίμην.
1690 2152 1769 2194 Od.
1795 2154 1949 2194 XVIII.
1978 2156 2053 2195 19:
2087 2153 2203 2206 ὄλβον
2225 2156 2265 2196 δὲ
2287 2160 2385 2196 θεοί

205 2218 420 2269 μέλλουσιν
453 2215 627 2266 ὀπάζειν.
671 2215 750 2257 Od.
773 2217 841 2257 IV.
867 2219 915 2257 7:
947 2222 1077 2257 τοῖσιν
1103 2215 1144 2256 δὲ
1176 2219 1268 2256 θεοὶ
1297 2214 1426 2269 γάμον
1456 2215 1685 2265 ἐξετέλειον.
1738 2214 1803 2258 Cf.
1836 2216 1915 2260 Od.
1949 2218 2034 2260 XV.
2064 2219 2133 2260 26.
2174 2219 2240 2260 VI.
2278 2219 2380 2262 180.

207 2282 285 2322 Od.
308 2282 339 2321 I.
366 2283 456 2322 378
481 2282 766 2322 Telemachus:
799 2283 874 2332 ἐγὼ
897 2283 938 2321 δὲ
961 2282 1080 2326 θεοὺς
1100 2279 1351 2331 ἐπιβώσομαι
1373 2283 1462 2321 αἰὲν
1483 2280 1625 2326 ἐόντας
1647 2284 1698 2321 αἴ
1712 2285 1756 2321 κε’
1777 2287 1883 2323 ποθι
1913 2285 2010 2329 Ζεὸς
2039 2285 2137 2323 δῶσι
2166 2286 2383 2324 παλίντιτα

205 2348 299 2402 ἔργα
321 2348 513 2398 γενέσθαι
535 2343 585 2387 cf.
609 2360 699 2386 cum
722 2344 801 2387 Od.
825 2346 878 2387 Π.
906 2345 1006 2387 143.
1040 2342 1117 2386 Od.
1139 2343 1192 2385 H.
1218 2344 1299 2386 66:
1334 2348 1445 2387 θεῶν
1472 2342 1716 2388 ὑποδείσατε
1736 2350 1879 2400 μῆνιν,
1912 2347 2003 2402 μῆτι
2028 2352 2383 2404 μεταστρέψωσιν,

204 2410 480 2463 ἀγασσάμενοι
520 2412 620 2450 κακὰ
660 2411 767 2464 ἔργα.
824 2409 888 2451 Cf.
918 2410 962 2451 ΙΙ.
995 2410 1061 2450 IV.
1094 2409 1196 2450 268.
1230 2410 1335 2449 407.
1378 2409 1423 2450 ΙΙ.
1456 2410 1488 2449 Ι.
1533 2410 1623 2451 218
1656 2410 1830 2451 Achilles
1860 2412 2084 2452 Minervae:
2123 2411 2164 2457 ὅς
2196 2428 2240 2453 κε
2271 2417 2385 2460 θεοῖς

205 2477 490 2528 ἐπιπείθηται,
513 2474 623 2525 μάλα
644 2472 677 2514 τ’
701 2475 840 2514 ἔκλυον
862 2472 997 2515 αὐτοῦ.
1032 2472 1222 2518 Quamvis
1244 2472 1382 2528 itaque
1403 2473 1612 2514 inhonesta
1636 2473 1692 2514 dii
1713 2475 1922 2516 Homerici
1944 2489 2225 2530 nonnunquam
2245 2486 2383 2532 agant,

204 2538 339 2595 quoad
371 2552 543 2592 corpore
583 2538 754 2578 humano
785 2537 911 2579 induti
943 2552 1073 2578 rerum
1113 2536 1377 2578 humanarum
1412 2545 1568 2592 partem
1609 2540 1793 2593 capiunt,
1827 2539 1918 2579 solis
1954 2548 2085 2579 tamen
2126 2541 2202 2580 sibi
2243 2549 2381 2596 turpes

205 2603 482 2659 inhonestique
506 2602 657 2656 optimo
674 2601 766 2657 jure
789 2601 868 2643 dici
890 2608 1090 2657 poterunt,
1112 2615 1234 2656 quum
1257 2616 1398 2643 eorum
1421 2602 1643 2656 exemplum
1666 2604 1706 2644 in
1729 2603 1929 2643 hominum
1951 2618 2084 2643 mores
2105 2618 2187 2645 non
2211 2606 2381 2646 influere

207 2668 400 2708 videatur.
443 2666 583 2707 Potius
615 2680 719 2721 quae
749 2666 880 2720 turpia
908 2667 992 2707 sive
1022 2671 1131 2716 sunt,
1164 2666 1248 2706 sive
1280 2667 1337 2707 ita
1359 2681 1448 2707 esse
1479 2666 1682 2719 videntur,
1722 2668 1760 2707 in
1793 2667 1865 2707 diis
1897 2667 2016 2707 etiam
2046 2669 2309 2710 acerbissime
2332 2670 2383 2710 ab

204 2732 428 2772 hominibus
451 2732 742 2784 vituperantur,
773 2743 938 2784 prorsus
969 2730 1080 2785 quasi
1109 2729 1169 2768 sui
1201 2730 1348 2771 similes
1378 2731 1475 2780 sint,
1514 2730 1640 2781 adeo,
1674 2739 1718 2771 ut
1747 2744 1817 2769 nos
1847 2729 2008 2785 quidem
2037 2745 2119 2771 non
2150 2746 2245 2772 raro
2278 2731 2385 2788 ejus-

206 2795 314 2837 modi
337 2795 514 2836 dicteriis
536 2792 751 2835 admodum
772 2792 1044 2845 offendamur,
1078 2803 1198 2848 quum
1219 2801 1374 2846 tamen,
1408 2808 1511 2848 quae
1540 2793 1722 2848 perfecta
1751 2801 1841 2834 sunt
1869 2794 1908 2834 in
1942 2794 2015 2835 diis
2046 2796 2234 2850 omnique
2268 2805 2388 2852 parte

207 2860 408 2911 absoluta,
441 2866 483 2900 et
503 2858 579 2913 ipsi
598 2857 756 2912 plurimi
776 2856 924 2898 faciant
944 2858 1204 2912 maximisque
1226 2857 1407 2899 laudibus
1428 2866 1729 2913 persequantur.
1764 2857 1844 2898 Od.
1867 2858 1960 2899 XX.
1987 2860 2097 2899 201:
2132 2861 2210 2901 Ζεῦ
2233 2860 2387 2918 πάτερ,

205 2922 312 2971 οὔτις
342 2929 426 2965 σεῖο
458 2927 570 2965 θεῶν
600 2920 803 2976 ὅλοότερος
833 2920 967 2967 cim-09!
1015 2919 1086 2961 οὔκ
1123 2922 1314 2977 ἐλεαίρεις
1353 2920 1522 2976 ἄνδρας,
1565 2923 1666 2975 ἐπῆν
1694 2922 1742 2974 δὴ
1770 2926 1916 2971 γείνεαι
1955 2921 2097 2972 αὐτὸς,
2136 2925 2389 2979 μισγῆμεναι

203 2987 388 3043 κακότητι
410 2992 475 3029 καὶ
498 2985 635 3039 ἄλγεσι
655 2987 938 3038 λευγαλέοισιν.
974 2985 1111 3033 Quare
1133 2984 1186 3028 de
1207 2986 1319 3029 Jovis
1342 2985 1588 3042 deorumque
1612 2992 1839 3028 ceterorum
1865 2987 2024 3042 saepius
2056 2989 2195 3032 amicis
2228 2992 2386 3033 mentio
