2578 3373
1268 249 1324 293 12

206 371 317 415 XVI.
345 371 445 412 194.
479 369 677 411 Videlicet
698 382 749 410 ne
771 368 809 410 in
833 367 911 409 hac
934 366 1095 424 quidem
1117 381 1163 409 re
1185 381 1347 424 semper
1369 368 1588 427 cogitando
1619 367 1693 410 sibi
1716 367 1996 421 constiterunt,
2029 382 2149 425 quum
2173 368 2252 411 0d.
2280 370 2388 413 XIV.

210 438 301 479 386
333 436 490 476 Ulixem
521 435 573 474 ad
600 435 829 474 Eumaeum
858 434 1014 485 δαίμων
1042 431 1214 473 feliciter
1248 433 1390 487 ducat,
1424 443 1466 476 et
1487 435 1532 475 ΙΙ.
1555 435 1588 475 Ι.
1613 435 1702 473 222
1727 440 1768 473 et
1789 433 1864 473 III.
1888 435 1980 474 420
2005 433 2060 473 dii
2090 435 2129 474 in
2162 435 2389 476 universum

209 503 393 553 δαίμονες
423 500 687 554 appellentur.
732 498 853 545 Quod
884 512 963 537 non
993 497 1258 548 admiramur,
1300 514 1445 553 quum,
1486 514 1588 555 quae
1618 512 1769 538 summa
1799 497 1966 539 deorum
1998 499 2177 552 potentia
2209 506 2316 548 erat,
2350 500 2388 540 in

209 565 436 606 universum
466 563 612 604 nullam
644 577 729 603 rem
760 576 838 602 non
869 575 988 616 posse
1019 560 1185 602 efficere
1216 562 1515 617 cogitarentur,
1557 563 1630 604 etsi
1660 576 1738 617 qua
1769 562 1818 601 ab
1859 562 1936 602 alio
1965 563 2125 603 numine
2155 563 2389 618 plerumque

209 628 452 671 efficeretur.

1188 749 1251 803 G.
1288 750 1416 802 XII.

337 883 553 937 Reliquum
576 888 658 933 est,
690 888 755 931 ut,
781 893 882 936 quae
905 880 1178 921 intercesserit
1199 881 1304 921 inter
1326 882 1436 935 ipsos
1460 881 1559 921 deos
1581 881 1823 922 Homericos
1846 881 1968 931 ratio,
1991 880 2129 935 paucis
2152 880 2387 935 explicetur.

208 948 272 988 Ad
294 948 398 987 hanc
421 947 619 986 rationem
651 946 758 999 quod
788 946 947 992 attinet,
982 960 1015 984 c.
1048 945 1098 984 X.
1130 946 1241 984 initio
1272 946 1544 998 significatum
1574 953 1654 994 est,
1695 960 1774 984 non
1804 960 1920 998 pares
1949 945 2052 984 inter
2080 959 2125 983 se
2156 944 2255 984 deos
2287 961 2389 994 esse,

208 1011 345 1068 quoad
376 1026 492 1052 suum
525 1011 694 1065 quisque
727 1025 870 1063 corpus
901 1009 1027 1059 nacti,
1069 1016 1237 1050 naturae
1275 1009 1473 1051 humanae
1511 1017 1666 1064 partem
1705 1009 1903 1063 ceperint,
1943 1024 2060 1063 pares
2091 1024 2126 1050 c.
2156 1009 2230 1050 IX.
2263 1009 2388 1058 initio,

209 1074 343 1134 quoad
369 1075 544 1117 morales
567 1076 655 1117 sint.
690 1074 826 1121 Qualis
848 1081 980 1115 autem
1004 1074 1142 1115 civitas
1165 1073 1230 1115 illa
1253 1073 1386 1116 divina
1409 1075 1481 1126 sit,
1514 1073 1554 1116 id
1577 1080 1705 1116 totum
1728 1073 1805 1115 hoc
1828 1073 1919 1115 loco
1942 1080 2147 1129 repetere,
2177 1081 2221 1115 ut
2243 1088 2267 1115 a
2289 1074 2387 1116 mul-

207 1144 258 1184 tis
290 1142 538 1197 expositum,
571 1139 690 1181 facile
718 1139 1045 1194 supersedemus,
1079 1153 1200 1194 quum
1231 1139 1270 1179 in
1300 1139 1577 1180 describendis
1609 1140 1787 1179 moribus
1818 1139 1999 1194 quaestio
2029 1146 2164 1179 nostra
2194 1147 2387 1180 versetur.

207 1209 358 1248 Fatum
381 1207 507 1261 igitur
537 1206 643 1245 nulla
672 1204 826 1244 macula
850 1219 1055 1258 aspersum
1087 1212 1167 1254 est,
1202 1205 1294 1259 quia
1325 1219 1501 1259 corpore
1532 1211 1663 1254 caret,
1697 1204 1750 1243 dii
1784 1218 1873 1243 cum
1904 1204 2177 1243 venustissimo
2215 1218 2388 1258 corpore

212 1273 467 1313 vitiositatem
497 1271 687 1311 tulerunt.
737 1269 888 1315 Quodsi
919 1284 1055 1309 verum
1086 1277 1147 1310 est
1177 1268 1349 1322 cujusvis
1380 1271 1523 1310 aetatis
1561 1269 1762 1317 homines,
1803 1276 2084 1322 praeterquam
2117 1269 2224 1323 quod
2256 1269 2387 1309 divino

209 1336 387 1393 quodam
409 1336 562 1390 impetu
586 1334 638 1375 ad
661 1333 761 1374 deos
784 1333 972 1374 colendos
995 1331 1193 1383 ferantur,
1226 1334 1392 1375 multum
1416 1335 1535 1375 etiam
1565 1333 1617 1374 de
1639 1347 1709 1373 sua
1741 1332 1983 1373 humanitate
2005 1332 2056 1372 ad
2088 1347 2159 1373 eos
2189 1333 2389 1374 ornandos

209 1402 261 1443 ad
300 1415 496 1454 suamque
537 1398 828 1440 similitudinem
867 1397 1119 1453 effingendos
1156 1397 1316 1450 facere,
1357 1399 1465 1439 haud
1503 1400 1643 1439 mirum
1682 1397 1901 1447 videbitur,
1941 1397 2049 1452 quod
2081 1397 2249 1438 deorum
2279 1399 2388 1452 quasi

208 1467 354 1507 urbem
377 1471 418 1505 et
441 1464 643 1504 civitatem
675 1462 780 1516 apud
810 1463 1032 1502 Homerum
1065 1462 1265 1513 videmus,
1305 1464 1343 1502 in
1376 1477 1474 1517 qua,
1508 1470 1551 1503 ut
1581 1463 1683 1502 inter
1714 1461 1912 1512 homines,
1953 1462 2010 1501 sic
2041 1462 2172 1501 omnia
2202 1471 2389 1516 aguntur,

209 1533 287 1571 hac
318 1544 364 1569 re
395 1544 474 1568 una
506 1535 698 1581 excepta,
740 1527 847 1580 quod
878 1542 997 1580 supra
1031 1542 1165 1567 verum
1189 1527 1314 1567 decus
1346 1527 1539 1567 divinitati
1570 1541 1665 1566 suae
1694 1525 1846 1565 addere
1878 1533 2083 1566 conantur.
2133 1526 2254 1571 Quod
2286 1527 2388 1566 enim

210 1601 389 1643 rectum,
423 1593 592 1641 bonum,
626 1591 833 1645 pulchrum
856 1605 928 1630 suo
952 1605 1103 1645 genere
1126 1591 1362 1645 excogitare
1391 1597 1627 1645 potuerunt,
1660 1589 1699 1629 id
1729 1590 1767 1628 in
1799 1589 1875 1628 diis
1906 1589 2093 1629 ornandis
2125 1590 2388 1634 accumulant.

211 1666 253 1699 et
275 1657 469 1707 vicissim,
493 1654 687 1711 quidquid
711 1668 842 1693 rerum
866 1655 1123 1694 humanarum
1146 1655 1276 1709 aliqua
1301 1656 1457 1694 ratione
1480 1655 1639 1705 eminet,
1661 1653 1701 1692 id
1724 1653 1848 1707 ἱερὸν,
1872 1654 1981 1701 δῖον,
2006 1657 2136 1701 θεῖον,
2159 1658 2388 1694 θεσπέσιον

210 1730 369 1765 vocant.
402 1723 546 1776 Reges
569 1727 723 1767 autem.
758 1720 823 1774 qui
854 1720 1022 1774 proximi
1053 1720 1126 1760 diis
1157 1728 1267 1771 sunt,
1302 1722 1526 1774 διοτρεφεῖς
1557 1719 1615 1760 vel
1644 1721 1828 1769 διογενής
1859 1719 2122 1760 nominantur.
2165 1719 2249 1760 Sed
2280 1719 2387 1763 illud.

211 1789 304 1845 quia
336 1801 411 1842 per
438 1792 589 1837 totam,
622 1793 668 1826 ut
700 1785 753 1826 ita
785 1783 932 1833 dicam,
968 1784 1133 1825 deorum
1172 1785 1378 1826 materiem
1417 1784 1639 1840 dispersum
1667 1782 1757 1834 fuit,
1800 1797 1878 1824 non
1918 1783 2049 1824 animo
2087 1783 2213 1825 solum
2254 1783 2386 1824 divino

211 1860 468 1900 contentum,
508 1851 605 1890 satis
635 1857 785 1889 tectum
816 1858 875 1888 est
915 1857 1034 1902 atque
1065 1851 1331 1889 obscuratum.
1380 1851 1471 1889 Jam
1501 1863 1620 1902 supra
1658 1849 1981 1897 memoravimus,
2022 1863 2169 1902 corpus
2207 1848 2386 1888 homines

209 1917 457 1959 Homericos
481 1916 531 1954 ab
556 1915 687 1954 animo
711 1912 818 1952 haud
841 1928 1082 1967 segregare3
1114 1929 1243 1968 neque
1265 1922 1398 1954 tamen
1422 1914 1593 1954 animum
1616 1914 1664 1953 ab
1697 1913 1823 1952 anima
1854 1912 2070 1952 admodum
2100 1914 2386 1968 segregabant.

211 1997 315 2037 quae
348 1989 410 2022 est
440 1979 527 2020 fere
556 1980 661 2019 inter
691 1985 903 2031 utrumque
936 1978 1029 2018 illud
1059 1979 1201 2019 media.
1258 1980 1419 2027 Quare,
1461 1979 1685 2032 ubicunque
1717 1992 1862 2031 corpus
1894 1986 1975 2028 est,
2007 1992 2097 2018 esse
2137 1992 2213 2018 non
2254 1986 2386 2032 potest

208 2045 430 2088 secundum
452 2043 611 2083 illorum
634 2042 867 2082 sententiam
892 2043 975 2081 sine
997 2042 1112 2081 animi
1135 2050 1267 2096 parte,
1303 2050 1343 2082 et
1365 2041 1556 2097 quidquid
1580 2050 1659 2092 est,
1692 2041 1730 2081 id
1764 2042 1932 2081 animam
1956 2041 2088 2081 habet.
2121 2042 2182 2082 Ita
2213 2043 2384 2096 prompti

210 2118 321 2157 sunt,
364 2109 631 2149 animantibus
662 2107 843 2146 omnibus
882 2107 1045 2146 virtutes
1084 2108 1262 2147 tribuere
1299 2107 1512 2153 humanas,
1554 2107 1840 2160 cogitationes,
1883 2107 2025 2155 verba,
2069 2104 2266 2156 facinora,
2309 2106 2382 2146 alia

212 2176 254 2216 ll.
277 2173 438 2215 XXIII.
468 2174 573 2213 408.
607 2171 721 2211 XIX.
746 2171 850 2210 410.
876 2172 979 2210 400.
1013 2170 1090 2211 Od.
1114 2172 1207 2211 XII.
1233 2172 1338 2211 395.
1371 2171 1434 2211 Ita
1457 2186 1545 2211 curn
1568 2179 1706 2211 natura
1729 2172 1871 2221 etiam,
1903 2185 1982 2211 non
2016 2170 2143 2210 solum
2166 2170 2382 2211 secundum

209 2246 394 2280 naturam
415 2235 470 2276 illi
492 2236 698 2283 vixerunt,
731 2247 850 2289 quum
873 2247 949 2273 non
974 2234 1077 2274 aliud
1101 2235 1284 2290 cogitare
1306 2235 1483 2290 potuisse
1507 2234 1728 2286 videantur,
1763 2247 1880 2291 quam
1915 2248 1980 2275 res
2003 2247 2163 2283 omnes,
2196 2235 2268 2275 sub
2291 2248 2381 2275 sen⁹

209 2318 275 2342 sus
299 2301 513 2349 cadentes,
547 2301 725 2353 ipsorum
749 2313 838 2337 esse
860 2299 1016 2337 similes,
1057 2300 1117 2338 Ita
1148 2300 1320 2353 denique
1352 2314 1498 2353 corpus
1530 2314 1602 2353 per
1629 2315 1672 2338 se
1702 2299 1868 2353 alicujus
1899 2301 2018 2354 pretii
2048 2307 2128 2345 est,
2161 2300 2193 2338 si
2223 2300 2381 2354 quidem

209 2369 343 2421 aliquo
366 2365 489 2406 modo
513 2365 565 2405 ad
595 2364 880 2405 humanitatem
911 2364 1101 2416 pertinen
1134 2365 1285 2404 animus
1315 2373 1448 2405 autem
1481 2380 1502 2404 a
1533 2380 1729 2418 corporea
1758 2366 1985 2406 secretione
2014 2379 2211 2418 nunquam
2243 2378 2381 2418 segre-

208 2439 352 2489 gatur:
386 2436 429 2471 ut
451 2443 570 2471 sensu
594 2428 836 2483 amplissimo
861 2427 966 2482 apud
989 2441 1059 2468 eos
1082 2428 1222 2469 scitum
1245 2428 1340 2469 illud
1365 2428 1511 2479 valeat,
1533 2429 1732 2484 paululum
1755 2429 2022 2470 immutatum:
2046 2441 2219 2484 corpora
2236 2441 2383 2476 sumus,

208 2511 341 2551 neque
365 2496 552 2548 corporei
576 2493 673 2548 quid
696 2508 719 2532 a
742 2493 858 2531 nobis
881 2493 1049 2531 alienum
1073 2508 1161 2532 esse
1183 2493 1376 2532 ducimus.
1411 2494 1567 2538 Quanto
1589 2493 1715 2548 majus
1739 2509 1909 2548 corpus,
1930 2501 2042 2533 tanto
2060 2494 2148 2547 plus
2165 2494 2385 2547 percipitur

210 2560 446 2615 voluptatis,
491 2566 639 2614 quanto
674 2557 859 2611 corporis
888 2557 1011 2597 robur
1041 2555 1187 2610 majus,
1227 2565 1338 2598 tanto
1371 2556 1589 2600 diuturnior
1618 2559 1823 2613 voluptas,
1865 2566 2013 2612 quanto
2042 2558 2129 2613 plus
2160 2557 2383 2611 voluptatis,

207 2633 318 2667 tanto
351 2622 482 2678 major
510 2622 653 2678 ἀρετὴ,
693 2629 844 2677 quanto
876 2620 1047 2674 denique
1079 2619 1206 2675 major
1238 2618 1378 2675 ἀρετὴ,
1411 2630 1518 2663 tanto
1550 2622 1678 2678 major
1707 2621 1879 2664 fortuna.
1920 2620 2060 2663 Infelix
2090 2622 2214 2678 igitur
2244 2620 2383 2674 ἀρετὰς

207 2705 286 2730 non
309 2690 455 2739 habet,
489 2689 513 2728 i.
538 2704 572 2728 e.
596 2688 723 2727 malus
746 2693 826 2735 est,
862 2699 965 2738 ergo
990 2686 1161 2738 optimus
1184 2686 1350 2739 quisque
1372 2685 1627 2727 felicissimus.
1662 2688 1827 2727 Scilicet
1848 2687 1949 2726 haec
1972 2688 2117 2741 placita
2146 2700 2224 2725 non
2255 2688 2383 2741 magis

208 2764 293 2795 arte
317 2754 395 2794 ulla
419 2754 652 2807 excogitata
671 2752 755 2791 istis
778 2750 1003 2790 hominibus
1034 2747 1167 2795 fuere,
1201 2758 1269 2790 aut
1298 2760 1428 2791 mente
1469 2753 1528 2792 sui
1568 2753 1641 2791 sibi
1683 2753 1844 2792 conscia
1886 2752 1923 2791 in
1964 2750 2127 2806 agendo
2160 2751 2383 2795 observata.

209 2833 325 2873 quam
348 2818 422 2859 ista
447 2817 599 2859 altioris
622 2814 843 2871 sapientiae
866 2820 1107 2869 praecepta,
1140 2828 1243 2868 quae
1267 2829 1353 2869 cap.
1376 2816 1446 2858 IX.
1471 2816 1689 2867 attulimus,
1724 2815 1796 2857 sed
1820 2822 1987 2857 naturae
2011 2815 2047 2856 vi
2079 2813 2251 2869 quadam
2274 2815 2383 2856 ducti

210 2890 315 2933 sunt,
347 2891 392 2923 ut
413 2890 583 2938 utraque
605 2882 712 2922 inter
733 2894 778 2919 se
802 2879 1011 2919 commista
1034 2886 1306 2933 sequerentur.
1342 2880 1494 2926 Quodsi
1518 2881 1584 2936 qui
1616 2894 1695 2921 non
1727 2881 1993 2936 cognoverint
2023 2886 2092 2918 aut
2121 2880 2383 2936 neglexerint.

210 2947 235 2984 ii
260 2949 415 2986 omnino
439 2948 560 3000 iniqui
592 2961 725 2986 rerum
748 2945 1062 2985 Homericamm
1086 2942 1334 2995 judicatores
1367 2954 1501 2992 erunt,
1541 2946 1647 2998 quod
1680 2952 1749 2984 aut
1779 2945 1852 2984 illis
1884 2945 2186 2998 praestantioris
2217 2954 2385 2984 naturae
