2578 3373
1256 226 1566 273 29——

202 365 296 395 cum
317 351 448 392 animo
471 362 619 403 corpus
641 349 715 389 sibi
736 348 1057 398 vindicaverunt,
1084 345 1263 401 justitiae
1285 348 1441 389 divinae
1462 348 1572 388 notio
1594 347 1707 389 laesa
1726 354 1847 403 atque
1868 362 1942 389 sua
1963 346 2062 389 sede
2084 350 2197 404 quasi
2220 357 2376 392 remota

201 424 275 457 est.
327 416 442 461 Quae
471 413 672 467 quomodo
705 420 812 454 stare
849 427 941 453 cum
970 417 1082 451 tanta
1118 411 1285 451 sortium
1315 412 1572 452 humanarum
1602 412 1835 453 diversitate
1865 413 2034 466 poterit,
2074 414 2148 454 nisi
2182 415 2375 469 regiones

202 479 362 521 noveris
384 478 555 532 aliquas,
587 477 654 517 ubi
675 491 804 532 aequa
825 477 944 527 fiant,
978 488 1082 530 quae
1103 474 1237 529 iniqua
1258 476 1296 515 in
1319 474 1394 516 hac
1415 476 1496 515 vita
1518 490 1607 516 esse
1628 474 1852 516 videantur.
1882 476 2002 517 Licet
2030 478 2136 518 enim
2166 493 2235 530 ea,
2269 493 2375 534 quae

202 545 276 584 sub
299 557 438 583 sensus
459 556 540 580 non
562 541 770 592 caderent,
803 555 945 595 parum
968 545 1176 589 curarent,
1210 546 1367 579 veteres
1389 540 1476 579 illos
1497 547 1650 580 tantum
1673 547 1715 579 et
1736 541 1899 580 scivisse
1921 548 1962 580 et
1991 543 2123 581 verbis
2146 543 2375 597 prodidisse

203 621 325 662 supra
346 605 537 657 vidimus,
569 605 703 646 virtuti
726 604 866 646 deberi
896 602 1139 659 praemium,
1172 602 1314 644 sceleri
1343 617 1453 644 suam
1484 618 1657 659 poenam
1687 610 1808 659 atque
1838 603 2038 646 ultionem.
2080 607 2134 646 At
2162 607 2374 648 nonnullos

204 672 261 713 dii
281 672 321 711 in
343 676 473 711 certas
505 671 713 709 beatorum
743 669 861 709 sedes
884 675 977 723 post
1007 667 1228 707 discessum
1248 668 1550 719 transtulerunt,
1585 667 1666 707 Od.
1689 668 1757 707 IV.
1782 668 1887 707 563.
1920 669 1993 708 XI.
2018 670 2130 721 602,
2163 672 2372 712 nonnullos

203 737 457 792 gravioribus
480 736 619 788 poenis
642 734 808 774 deorum
839 734 1021 773 inimicos
1052 732 1223 772 cruciari
1246 734 1393 786 opinati
1424 741 1514 772 sunt
1536 732 1615 772 Od.
1638 733 1712 771 XI.
1739 733 1843 772 578.
1889 732 1972 771 Sed
1999 735 2055 772 ita
2084 735 2136 773 ad
2166 738 2371 777 arbitrium

203 800 247 840 id
267 797 436 849 factum,
468 806 513 838 ut
534 799 691 838 omnino
714 813 793 838 non
809 796 990 851 justitiae
1012 796 1207 849 cogitatio
1231 795 1407 836 eluceret
1427 796 1515 837 ulla.
1547 796 1659 836 Hinc
1681 810 1762 835 non
1788 794 1962 849 majores
1984 797 2111 837 solum
2131 799 2371 851 inimicitiae,

204 865 311 915 irae,
334 862 449 913 odia,
472 862 544 902 sed
567 870 607 902 et
629 862 981 917 flagrantissimum
1004 859 1164 899 ultionis
1186 858 1378 909 studium,
1402 861 1541 914 quibus
1565 860 1748 899 omnibus
1771 859 1941 899 deorum
1956 859 2109 914 justitia
2131 864 2181 902 ab
2204 863 2370 903 homini-

204 929 278 970 bus
301 928 413 982 quasi
435 927 615 982 suppleta
637 933 710 968 est.
742 927 806 967 Ex
828 925 972 967 eadem
995 924 1168 979 denique
1191 937 1330 976 causa,
1364 924 1470 979 quod
1500 925 1654 965 animus
1686 925 1773 965 sine
1804 925 1986 979 corporis
2015 928 2241 969 secretione
2271 942 2370 970 nun·

205 1006 323 1047 quam
361 992 582 1046 cogitatur,
622 1005 702 1030 non
730 997 812 1030 tam
843 1004 892 1030 ea
924 995 986 1029 est
1016 987 1125 1042 apud
1153 988 1377 1028 Homerum
1406 989 1548 1038 virtus,
1583 1002 1688 1042 quae
1726 988 2042 1042 quasissquadam
2080 992 2183 1031 inter
2223 1006 2370 1046 corpus

205 1057 456 1111 animumque
478 1069 615 1110 pugna
636 1055 819 1102 exsistat,
852 1060 896 1093 ut
918 1065 1067 1107 corpus
1096 1052 1376 1106 praestantiori
1406 1053 1523 1091 animi
1552 1058 1722 1091 naturae
1751 1065 1831 1091 non
1872 1051 2063 1105 sufficiat,
2104 1070 2219 1110 quam
2258 1057 2368 1096 volu-

205 1122 346 1177 ptaria.
388 1120 547 1174 Quippe
568 1120 758 1173 temporis
780 1119 881 1159 illius
903 1118 1085 1157 homines
1116 1116 1222 1156 haud
1250 1116 1545 1167 intellexerunt,
1584 1130 1658 1156 cur
1687 1116 1767 1156 ulla
1799 1131 1845 1156 re
1875 1118 2138 1170 abstinerent,
2171 1121 2222 1161 ad
2252 1135 2371 1176 quam

205 1193 372 1226 naturae
416 1185 567 1237 impetu
614 1182 824 1224 ferrentur.
863 1183 1038 1222 Omnino
1070 1180 1356 1235 σαοφροσύνην
1402 1181 1621 1235 quandam,
1669 1183 1994 1235 temperantiam,
2042 1184 2370 1236 moderationem,

205 1248 482 1291 abstinentiam
514 1255 709 1288 noverunt
729 1270 792 1277 —-
814 1247 881 1301 qui
913 1246 1018 1286 enim
1048 1245 1186 1296 fieret,
1220 1251 1261 1285 ut
1287 1244 1481 1295 homines,
1514 1245 1648 1300 aliquo
1678 1245 1831 1300 ingenii
1864 1245 1971 1286 cultu
2000 1248 2207 1302 perpoliti,
2241 1250 2371 1290 omnia

206 1314 282 1355 sibi
303 1311 583 1367 indulgerent?
603 1336 668 1342 —
688 1311 761 1352 sed
783 1325 887 1366 quae
909 1309 1098 1351 extremis
1120 1316 1284 1350 naturae
1305 1309 1500 1350 humanae
1522 1310 1666 1349 finibus
1689 1316 1924 1360 contentae,
1946 1311 1982 1351 in
2000 1312 2175 1367 singulas
2193 1314 2371 1355 actiones

207 1386 395 1431 totosque
416 1377 617 1416 hominum
638 1390 771 1415 mores
793 1375 888 1415 nihil
909 1374 1135 1414 influerent.

334 1440 417 1481 Sed
440 1440 615 1494 quamvis
641 1440 742 1480 haec
772 1439 827 1480 ita
857 1430 956 1490 sint,
989 1438 1077 1492 quis
1108 1437 1327 1478 hominibus
1357 1437 1430 1477 illis
1463 1452 1575 1477 suam
1605 1435 1837 1477 felicitatem
1867 1436 2135 1492 abjudicabit?
2167 1439 2372 1493 Profecto,

207 1512 252 1547 nt
274 1505 379 1546 omni
399 1512 584 1559 tempore
615 1503 795 1544 homines
824 1502 930 1543 bene
959 1502 1159 1557 beateque
1187 1502 1320 1542 vivere
1349 1508 1536 1556 possent,
1574 1501 1655 1542 Dei
1685 1501 1937 1557 benignitate
1969 1505 2171 1558 provisum
2202 1512 2274 1546 est.
2313 1506 2374 1547 Illi

208 1571 334 1620 enim,
366 1584 487 1624 quum
508 1583 650 1623 puram
672 1569 791 1608 animi
813 1568 1123 1607 oblectationem
1156 1580 1235 1606 non
1264 1567 1570 1620 cognovissent,
1604 1573 1792 1620 expertes
1826 1575 1941 1608 erant
1968 1570 2165 1609 variarum
2197 1571 2373 1625 aegritu—

208 1714 254 1741 se
276 1712 364 1741 esse
385 1698 569 1740 sentiunt.
601 1700 661 1739 Ac
681 1697 797 1738 nobis
820 1695 981 1753 quidem
1003 1696 1041 1737 in
1063 1695 1181 1736 variis
1210 1695 1315 1735 vitae
1338 1695 1497 1736 casibus
1526 1693 1688 1735 futurae
1719 1695 1976 1737 beatitudinis
2006 1712 2096 1754 spes
2128 1697 2271 1739 solatio
2301 1705 2375 1753 est,

208 1778 289 1818 quo
312 1765 365 1802 illi
386 1778 464 1802 non
487 1763 742 1815 indigebant,
775 1776 897 1814 quum
919 1776 995 1814 pro
1017 1775 1090 1800 sua
1111 1768 1250 1800 natura
1280 1762 1539 1813 moribusque
1569 1768 1638 1799 aut
1665 1761 1916 1813 voluptatum
1946 1765 2167 1814 praesentia
2197 1766 2374 1803 contenti

208 1835 359 1878 essent,
391 1834 460 1867 aut
481 1827 654 1867 omnium
683 1825 825 1866 virium
856 1825 1076 1866 intentione
1105 1823 1292 1865 adversas
1321 1838 1386 1864 res
1415 1830 1608 1865 excutere
1637 1832 1902 1876 conarentur,
1936 1841 1985 1867 ex
2013 1825 2072 1867 his
2100 1826 2219 1868 ullum
2249 1826 2300 1868 ad
2330 1843 2376 1869 se

207 1891 381 1934 fructum
402 1890 628 1932 redundare
650 1905 770 1946 posse
792 1904 871 1931 non
895 1890 1087 1931 arbitrati.
1120 1889 1206 1930 Nos
1228 1902 1363 1929 veram
1385 1886 1475 1929 fore
1497 1888 1619 1929 vitam
1640 1903 1849 1944 speramus
1880 1905 2092 1946 veramque
2118 1892 2376 1947 voluptatem,

209 1958 278 1997 ubi
310 1970 360 1997 ex
390 1957 466 1996 hac
497 1957 577 1995 vita
610 1955 932 2005 discesserimus,
965 1954 1020 1993 illi
1052 1961 1202 1994 tantum
1233 1953 1438 2003 vixerunt,
1472 1960 1663 2007 quantum
1692 1953 1938 2007 voluptatem
1969 1964 2245 2010 perceperunt.
2287 1957 2376 1997 Nos

208 2022 342 2062 animo
375 2021 568 2060 submisso
598 2019 678 2060 Dei
711 2018 870 2059 laudem
902 2019 1036 2073 parari
1069 2017 1265 2058 credimus
1297 2017 1554 2071 omniumque
1587 2032 1689 2073 erga
1722 2032 1860 2059 omnes
1894 2018 2070 2060 homines
2103 2021 2287 2071 caritate,
2320 2020 2377 2061 illi

209 2086 295 2126 aliis
326 2086 458 2125 rebus,
513 2084 705 2124 ceterum
737 2090 778 2123 et
810 2083 863 2122 illi
897 2083 997 2123 deos
1038 2089 1079 2122 et
1119 2081 1221 2122 velle
1250 2088 1292 2121 et
1323 2095 1445 2135 posse
1477 2082 1620 2121 beatos
1661 2081 1798 2122 facere
1829 2083 2008 2123 homines
2038 2098 2266 2138 persuasum
2300 2085 2377 2125 sibi

210 2150 454 2199 habuerunt,
486 2147 650 2187 eosdem
681 2148 857 2200 probare
889 2148 1095 2195 virtutem,
1128 2145 1331 2198 aspernari
1364 2146 1631 2186 vitiositatem.
1678 2146 1811 2186 Porro
1845 2154 1886 2187 et
1917 2148 1971 2188 illi
2003 2149 2080 2188 suis
2103 2148 2176 2188 diis
2199 2149 2303 2188 omni
2335 2149 2377 2189 in

210 2228 257 2256 re
279 2215 421 2255 confisi
441 2219 541 2255 sunt.
575 2213 705 2259 Quam
727 2213 780 2252 ob
813 2226 898 2252 rem
932 2211 1006 2252 etsi
1037 2225 1117 2251 non
1151 2209 1338 2261 eandem,
1371 2216 1493 2265 atque
1525 2224 1621 2263 nos,
1654 2226 1732 2252 non
1765 2211 1959 2253 minorem
1984 2220 2117 2254 tamen
2148 2211 2377 2255 felicitatem

211 2291 286 2335 per
305 2277 409 2321 hanc
432 2278 551 2321 vitam
571 2276 742 2319 assecuti
764 2290 854 2318 esse
875 2275 1071 2318 videntur.
1104 2275 1151 2316 In
1177 2274 1397 2331 judicanda
1431 2275 1537 2317 enim
1568 2276 1654 2318 sola
1686 2275 1888 2318 hominum
1921 2276 2109 2320 felicitate
2140 2291 2218 2319 non
2249 2277 2378 2321 refert

213 2357 429 2398 quaerere,
471 2343 566 2397 quid
596 2343 664 2391 sit,
705 2341 813 2380 unde
853 2342 1006 2390 veniat,
1046 2340 1167 2378 modo
1201 2340 1315 2379 adsit.
1371 2340 1481 2378 Nihil
1511 2348 1646 2388 autem
1688 2342 1815 2381 minus
1848 2342 1985 2391 decet,
2024 2357 2138 2396 quam
2178 2349 2247 2382 aut
2286 2358 2380 2383 cum

212 2414 417 2449 contemtu
439 2407 647 2461 despicere
667 2412 848 2446 veterum
869 2405 1023 2445 illorum
1046 2403 1303 2458 religionem,
1336 2418 1416 2444 non
1438 2405 1569 2459 magis
1592 2413 1700 2455 arte,
1734 2420 1851 2460 quam
1883 2414 2023 2446 natura
2053 2407 2278 2461 insignium,
2311 2416 2381 2448 aut

212 2487 335 2528 supra
364 2471 528 2513 modum
558 2478 744 2526 tanquam
785 2470 956 2525 egregia
995 2468 1167 2509 omnium
1207 2468 1396 2509 virtutum
1435 2469 1618 2524 exempla
1652 2470 1831 2512 laudibus
1864 2484 1934 2511 eos
1969 2470 2170 2513 extollere.
2227 2472 2380 2513 Nostra

215 2538 318 2577 enim
354 2535 559 2590 juventus,
601 2543 645 2576 ut
685 2549 731 2575 ex
773 2534 1011 2574 carminibus
1050 2533 1279 2573 Homericis
1313 2534 1470 2588 singula
1512 2549 1667 2574 morum
1708 2542 1922 2589 praecepta
1964 2549 2040 2574 non
2075 2535 2279 2587 addiscet,
2321 2537 2378 2576 sic

215 2602 395 2643 sincerae
427 2600 585 2655 pietatis
617 2614 695 2641 non
726 2596 845 2640 faciet
871 2596 1081 2652 jacturam.
