2578 3373
1004 262 1318 310 ——25

203 388 404 435 γίγνεται,
436 381 592 430 ausu,
625 381 780 437 ἓταΐρος
808 382 914 431 sav,
946 384 1187 435 πεπνυμένα
1209 383 1317 440 εἶδῇ,·
1350 380 1401 422 cf.
1425 380 1505 422 Od.
1526 381 1596 422 IV.
1620 381 1694 421 90.
1719 380 1791 421 95.
1819 376 1921 421 197.
1954 379 2006 421 X.
2030 380 2135 422 384.
2157 381 2205 421 Il.
2227 380 2379 422 XVIII.

207 449 297 490 129
324 468 390 479 --··
420 444 659 500 conjugibus
688 458 859 497 uxores,
896 446 1087 488 uxoribus
1120 443 1326 500 conjuges.
1360 445 1439 487 Od.
1471 445 1585 486 XXI.
1627 444 1687 484 55
1719 444 1948 499 Penelope,
1980 445 2047 485 ubi
2078 445 2210 486 mariti
2240 458 2380 486 arcun

199 511 395 566 adspexit,
428 508 591 563 ἑζομένη
611 510 655 551 δὲ·
675 508 760 552 κατ’.
781 508 906 559 αὖθι,
939 511 1072 564 φίλοις
1092 510 1161 551 ἐπὶ
1182 509 1349 561 γούνασι
1368 514 1518 559 θεῖσα,
1551 510 1664 550 κλαῖε
1684 506 1795 560 μάλα
1815 509 1960 560 λιγέως.
1995 508 2075 551 Od.
2099 509 2250 551 XVIII.
2284 510 2371 550 251

198 575 407 628 Penelope
436 574 713 627 Eurymacho:
750 573 837 628 ἤτοι
876 575 976 628 ἐμὴν
1010 572 1179 628 ἇρετῆν,
1218 575 1322 620 εἶδος
1356 591 1401 615 τε
1439 575 1561 626 δέμας
1598 589 1666 620 τε,
1709 570 1867 613 ὤλεσαν
1902 572 2106 615 ἀθάνατοι
2156 575 2226 615 ὅτε
2253 573 2377 615 Ἴλιον

197 640 470 692 εἶςανὲβαινον
493 635 682 693 Ἀργεῖοι,
723 639 826 692 μετὰ
855 643 965 681 τοῖσι
993 635 1037 679 δ’
1069 637 1163 690 ἐμὸς
1185 636 1304 685 πόσις
1324 634 1652 693 ἤεν’οδυσσεός.
1687 635 1766 678 Od.
1789 635 1899 678 VIII.
1933 638 2036 680 522.
2077 638 2123 679 In
2154 639 2377 680 amicorum

203 711 338 745 autem
358 716 525 744 numero
548 702 625 744 hoc
647 704 737 744 loco
760 704 985 744 censuimus
1008 709 1050 742 et
1070 702 1247 755 hospites
1277 717 1368 743 cum
1397 703 1652 757 supplicibus.
1687 701 1767 741 Od.
1790 701 1900 741 VIII.
1925 703 2017 742 546
2041 702 2250 742 Alcinous:
2282 702 2377 744 ἀντὶ

201 765 441 820 κασιγνήτου
464 765 589 815 ξεῖνός
616 765 660 807 θ’
682 767 806 820 ἱκέτης
834 782 879 807 τε
907 769 1093 806 τέτυκται
1123 763 1235 821 ἆνέρι
1243 796 1258 814 ,
1292 764 1375 806 ὅστ’
1398 764 1532 818 ὄλὶγον
1563 781 1642 819 περ
1671 764 1858 823 ἐπιψαύῃ
1889 766 2187 819 πραπίδεσσινς
2220 765 2268 808 cf.
2292 767 2374 808 Od.

200 831 311 874 XVI.
338 832 439 873 108.
471 831 563 872 XX.
587 832 691 873 317.
725 832 890 873 Scilicet
917 831 1022 871 haec
1044 831 1190 871 caritas
1220 831 1346 871 omnis
1375 831 1469 871 nihil
1496 831 1616 872 molle
1645 830 1789 881 habet,
1820 829 1915 870 nihil
1945 831 2234 882 effeminatum,
2266 833 2373 883 nihil,

199 895 310 951 quod
331 896 533 937 hominum
553 896 787 950 simplicium
809 909 859 936 ac
879 894 1058 936 nonnihil
1080 894 1298 949 agrestium
1318 901 1484 935 naturae
1506 908 1586 935 non
1609 893 1834 935 conveniat.
1868 893 1936 933 Sic
1953 907 2031 934 non
2048 895 2133 935 sine
2154 895 2374 937 acerbitate

198 961 543 1015 perstringuntur,
576 975 837 1015 quaecunque
860 960 1032 1010 absona,
1064 973 1275 1012 perversa,
1306 961 1438 1013 turpia
1460 967 1570 1009 sunt,
1604 959 1781 1012 quisquis
1805 965 1886 1008 est,
1908 959 1947 997 in
1970 973 2049 1012 quo
2071 960 2246 999 notanda
2269 968 2372 1012 sunt,

198 1038 436 1079 quamquam
457 1024 590 1078 inique
612 1023 714 1064 haec
735 1037 859 1078 saepe
880 1023 981 1063 fiunt
1002 1023 1053 1062 ab
1077 1023 1144 1073 iis,
1179 1023 1243 1077 qui
1276 1023 1353 1075 ira,
1386 1023 1539 1075 studio,
1571 1030 1700 1073 metu,
1733 1022 1819 1062 aliis
1852 1022 1968 1062 animi
1998 1024 2206 1064 affectibus
2235 1026 2370 1065 conci-

198 1095 343 1130 tantur.
379 1088 458 1129 Od.
480 1088 594 1129 XXI.
619 1089 710 1129 344
735 1087 1003 1128 Telemachus
1026 1088 1066 1127 in
1087 1087 1340 1141 Penelopen,
1373 1087 1468 1128 alias
1490 1102 1555 1128 res
1578 1092 1788 1141 agentem,
1821 1086 1982 1141 gravius
2013 1089 2143 1127 verbis
2174 1088 2372 1129 invehitur

200 1153 313 1195 350:
347 1150 431 1193 ἀλλ’
454 1153 509 1198 εἰς
530 1153 640 1193 οἶκον
660 1153 781 1193 ἰοῦσα
801 1152 854 1193 τὰ
875 1149 914 1193 σ’
937 1149 1057 1204 αὐτῆς
1079 1151 1174 1204 ἔργα
1193 1151 1324 1202 κόμιζε
1346 1174 1404 1182 -
1428 1151 1546 1201 τόξον
1567 1149 1608 1191 δ’
1637 1148 1832 1204 ἄνδρεσσι
1853 1150 2014 1203 μελήσει
2036 1156 2160 1199 πᾶσι,
2192 1152 2369 1203 μάλιστα

200 1214 239 1257 δ’
261 1216 375 1269 ἐμοῖς
409 1213 459 1257 cf.
483 1214 562 1257 Od.
585 1215 741 1257 XXIII.
769 1215 871 1257 103.
904 1214 998 1256 XX.
1027 1215 1128 1256 131.
1161 1216 1285 1256 Amor
1306 1230 1402 1256 vero
1425 1216 1566 1257 stultus
1589 1222 1631 1256 et
1652 1215 1878 1269 improbus,
1909 1230 2024 1269 quem
2046 1218 2239 1257 Horatius
2262 1218 2370 1265 dicit,

201 1281 281 1322 ullo
305 1281 344 1320 in
373 1294 526 1335 genere
556 1281 619 1320 vix
650 1281 895 1335 reperiatur,
928 1293 1165 1335 quamquam
1196 1280 1311 1320 liberi
1342 1279 1542 1334 τηλύγετοι
1572 1294 1671 1334 prae
1704 1280 1850 1320 ceteris
1882 1294 1905 1319 a
1933 1281 2160 1334 parentibus
2189 1290 2370 1322 amantur

200 1346 246 1385 Il.
269 1345 343 1384 IX.
367 1346 471 1385 481.
503 1345 761 1384 Feminarum
783 1351 918 1383 autem
948 1344 1014 1383 illa
1049 1351 1182 1384 aetate
1211 1358 1342 1397 amor,
1376 1345 1450 1386 etsi
1487 1359 1511 1385 a
1542 1345 1690 1384 nostris
1720 1344 1965 1399 temporibus
1996 1345 2145 1386 alienus
2176 1352 2261 1399 est,
2294 1359 2369 1388 nec

199 1411 247 1449 iis
268 1410 476 1449 luminibus
498 1409 736 1458 illustratus,
771 1424 874 1462 quae
906 1409 1029 1448 multa
1053 1411 1263 1462 effulgent,
1296 1411 1364 1448 ubi
1393 1411 1620 1448 subtiliores
1650 1410 1769 1447 animi
1800 1423 1937 1447 sensus
1967 1424 1990 1447 e
2022 1411 2225 1448 subtiliore
2258 1412 2367 1450 insti-

195 1472 370 1524 tutione,
404 1471 608 1524 doctrina,
641 1472 890 1528 cogitatione
912 1472 1114 1524 oriuntur,
1148 1474 1325 1514 omnibus
1347 1481 1481 1514 tamen
1504 1480 1618 1514 caret
1639 1473 1762 1523 vitiis,
1785 1488 1890 1527 quae
1912 1488 1959 1513 ex
1981 1474 2121 1514 iisdem
2143 1475 2217 1514 illis
2240 1476 2368 1515 causis

195 1538 515 1593 proficiscuntur.
571 1537 651 1583 Qui
683 1537 733 1577 ab
764 1538 950 1577 Homero
980 1536 1159 1578 homines
1188 1536 1487 1590 describuntur,
1528 1535 1628 1578 duas
1659 1550 1724 1579 res
1758 1551 1781 1578 e
1816 1533 2050 1579 feminur'um
2082 1537 2369 1580 consuetudine

196 1603 365 1642 maxime
401 1602 646 1655 percipiunt:
688 1609 730 1641 et
769 1602 1015 1654 voluptatem
1054 1603 1234 1655 corporis
1273 1609 1314 1642 et
1350 1602 1558 1642 utilitatem
1600 1602 1659 1641 rei
1699 1602 1957 1641 domesticae.
2009 1602 2135 1641 Aliam
2171 1602 2369 1657 quandam

194 1663 552 1716 necessitudinem,
584 1665 776 1706 mentium
798 1665 1100 1721 animorumque
1122 1664 1403 1720 conjunctione
1432 1673 1614 1707 exortam
1644 1674 1843 1707 noverunt
1872 1667 2035 1717 nullam,
2069 1682 2189 1720 quum
2218 1668 2292 1707 viri
2321 1669 2367 1708 iis

194 1729 282 1771 fere
304 1730 425 1769 rebus
448 1729 767 1781 delectarentur,
801 1743 969 1785 quarum
990 1736 1145 1785 partem
1168 1744 1313 1785 capere
1334 1730 1521 1771 mulieres
1543 1743 1622 1770 non
1644 1736 1823 1785 possent.
1855 1731 1951 1771 Hoc
1973 1731 2025 1771 ita
2047 1745 2135 1771 esse
2159 1729 2243 1785 jam
2276 1731 2367 1772 inde

196 1793 466 1845 concluditur,
499 1793 608 1848 quod
630 1795 882 1834 matrimonia
911 1809 991 1835 non
1020 1801 1104 1835 tam
1132 1808 1250 1845 vero,
1283 1808 1402 1849 quem
1429 1808 1503 1834 nos
1534 1793 1721 1844 dicimus,
1756 1809 1895 1834 amore
1921 1793 2054 1850 jungi,
2087 1810 2205 1850 quam
2231 1796 2367 1835 habito

195 1857 374 1899 utilitatis
395 1864 583 1911 respectu
603 1858 728 1911 pangi
749 1858 933 1898 solebant
949 1882 1011 1889 —
1026 1858 1073 1899 Il.
1095 1859 1166 1899 XI.
1192 1860 1296 1899 225.
1319 1860 1409 1898 242
1430 1881 1489 1888 --
1504 1858 1694 1911 quodque
1716 1860 1959 1898 concubinas
1980 1860 2126 1898 habere
2147 1861 2186 1897 in
2209 1861 2366 1898 nemine

198 1920 412 1962 admodum
434 1921 630 1961 offensum
652 1929 733 1971 est,
765 1935 843 1962 nec
864 1921 904 1961 in
926 1922 1099 1973 maritis,
1131 1936 1206 1962 nec
1228 1921 1267 1961 in
1289 1921 1358 1973 iis,
1391 1921 1459 1976 qui
1482 1921 1659 1962 coelibes
1683 1929 1797 1963 erant
1826 1922 1873 1963 Il.
1896 1922 1968 1963 IX.
1996 1924 2093 1964 132.
2126 1923 2234 1963 VIII.
2261 1923 2364 1963 291.

197 1986 347 2027 XXIV.
374 1986 475 2026 130.
506 1986 652 2039 Neque
674 1986 812 2026 Ulixes
835 1986 976 2026 Circes
1008 1992 1078 2026 aut
1106 1986 1342 2040 Calypsonis
1372 1986 1617 2026 commercio
1648 1987 1832 2027 abstinet.
1881 1988 2062 2027 Attamen
2094 1992 2238 2041 quanta
2268 1999 2364 2026 con-

198 2049 351 2100 cordia,
384 2057 530 2104 quanta
553 2050 719 2100 caritas,
743 2057 892 2104 quanta
915 2051 1087 2105 denique
1108 2049 1268 2090 fortuna
1290 2064 1340 2090 ex
1360 2050 1507 2090 talibus
1531 2051 1652 2090 etiam
1673 2052 1932 2090 matrimoniis
1954 2052 2005 2091 ad
2028 2052 2222 2090 hominum
2245 2051 2365 2090 vitam

198 2113 425 2156 redundare
442 2114 588 2168 possit,
621 2113 654 2154 si
671 2127 752 2155 non
772 2129 795 2155 e
813 2113 1004 2156 similibus
1022 2121 1183 2156 nostrae
1198 2114 1339 2155 aetatis
1364 2114 1627 2156 matrimoniis
1651 2115 1984 2169 intelligeremus,
2017 2131 2064 2155 ex
2084 2116 2251 2155 Homeri
2274 2129 2365 2155 car-

197 2179 368 2220 minibus
381 2176 581 2234 conjicere
592 2177 744 2220 liceret.
766 2177 832 2220 De
848 2192 927 2235 quo
941 2178 1189 2221 sanctissimo
1203 2178 1308 2220 inter
1322 2177 1505 2221 homines
1519 2178 1676 2221 vinculo
1691 2180 2026 2235 praestantissima
2040 2180 2160 2220 verba
2177 2179 2366 2235 leguntur

199 2244 357 2284 Od.vl.
372 2246 482 2284 182:
504 2242 549 2284 οὖ
562 2249 638 2294 μὲν
655 2245 728 2297 γὰρ
744 2248 861 2295 τοῦγε
875 2251 1064 2298 κρεῖσσον
1078 2249 1144 2283 καὶ
1161 2243 1312 2298 ἄρειον,
1334 2243 1360 2299 ἢ
1376 2243 1442 2285 ὅθ’
1459 2243 1757 2300 ὁμοφρονέοντε
1774 2244 1970 2298 νοήμασιν
1986 2246 2095 2286 οἶκον
2113 2245 2249 2298 ἔχητον
2264 2242 2364 2299 ἇνῆρ

197 2306 264 2361 ᾗδὲ
286 2307 401 2360 γυνή’
425 2305 538 2349 πόλλ’
553 2306 674 2358 ι’ίλγεα
689 2308 992 2359 δυσμενέεσσιν,
1014 2308 1201 2361 χάρματα
1222 2307 1260 2347 δ’
1285 2306 1539 2365 εὖμενὲτῃσι·
1561 2309 1740 2360 μάλιστα
1759 2311 1805 2349 δέ
1820 2308 1853 2348 τ’
1876 2310 2013 2349 ἔκλυον
2035 2308 2157 2349 aizoi.
2190 2310 2251 2348 Ex
2277 2310 2366 2362 ipsa

198 2370 416 2427 Eriphylae
438 2379 480 2414 et
502 2371 843 2427 Clytaemnestrae
866 2371 1153 2426 vituperatione
1174 2371 1344 2427 intelligi
1365 2380 1523 2427 potest,
1556 2374 1691 2428 quanti
1712 2373 1975 2414 innocentiam
1998 2374 2230 2413 matrimonii
2253 2371 2365 2414 feee-

198 2438 296 2486 rint3
327 2434 378 2476 cf.
401 2436 480 2477 Od.
503 2437 577 2477 XI.
601 2436 702 2477 326.
735 2437 842 2478 425.
889 2437 985 2477 Huc
1013 2436 1133 2477 etiam
1163 2436 1295 2478 omnia
1316 2437 1538 2492 pertinent,
1570 2451 1673 2493 quae
1703 2436 1755 2478 de
1786 2436 1907 2479 Ulixis
1939 2444 1979 2478 et
2007 2436 2196 2477 Hectoris
2228 2437 2364 2478 matri-

199 2501 334 2541 monio
370 2500 435 2540 hic
474 2501 554 2541 illic
592 2501 788 2555 leguntur.
844 2499 907 2540 Cf.
938 2501 1174 2554 praeprimis
1203 2501 1249 2541 Il.
1281 2502 1350 2542 VI.
1391 2504 1482 2541 407
1525 2517 1635 2556 seqq.
1690 2503 1744 2541 Et
1780 2515 2013 2555 quamquam
2052 2502 2365 2542 concubinarum

200 2563 449 2607 consuetudo
471 2578 551 2605 non
575 2564 668 2607 vitio
691 2564 922 2605 vertebatur
942 2564 1055 2616 viris,
1077 2589 1140 2596 —-
1160 2564 1207 2606 Il.
1229 2564 1303 2607 IX.
1331 2566 1433 2607 134.
1466 2566 1577 2607 VIII.
1602 2567 1705 2608 291.
1738 2565 1883 2606 XXIV.
1913 2567 1997 2606 130
2029 2589 2087 2595 —
2121 2580 2201 2605 non
2230 2574 2363 2606 tamen

198 2630 284 2670 sine
315 2629 442 2669 laudis
471 2635 592 2683 atque
622 2629 917 2684 approbationis
954 2629 1247 2685 significatione
1278 2629 1358 2670 dici
1387 2629 1565 2683 videtur,
1605 2629 1792 2671 Laertem
1823 2643 1911 2668 cum
1940 2627 2131 2683 Euryclia
2164 2643 2364 2685 nunquam

199 2694 486 2744 concubuisse,
517 2695 654 2734 uxoris
676 2694 897 2734 reverentia
919 2693 1082 2734 ductum
1104 2693 1184 2734 Od.
1206 2695 1239 2735 I.
1264 2696 1379 2746 433,
1413 2702 1533 2750 atque
1557 2695 1666 2736 nothi
1697 2695 1764 2735 filii
1792 2693 1978 2747 legitimis
2007 2694 2364 2747 posthabebantur,

197 2758 254 2800 ita
275 2764 321 2799 ut
341 2758 550 2799 Telamoni
571 2759 811 2814 praecipuae
832 2757 939 2799 laudi
961 2765 1207 2810 verteretur,
1240 2759 1350 2814 quod
1373 2760 1577 2802 Teucrum
1608 2761 1778 2813 benigne
1808 2757 2010 2799 habuisset
2036 2759 2083 2799 Il.
2114 2760 2225 2799 VIII.
2258 2761 2365 2801 284.

199 2822 280 2864 Od.
301 2823 411 2864 XIV.
441 2824 541 2864 131.
566 2823 670 2864 203.
713 2824 775 2864 Ita
796 2822 873 2863 hoc
896 2822 1015 2863 etiam
1045 2822 1136 2863 loco
1169 2824 1475 2879 comprobatur,
1507 2824 1611 2865 nulla
1640 2821 1932 2864 consuetudinis
1961 2823 2128 2863 vitiosae
2158 2823 2253 2878 lege
2283 2831 2366 2865 tam

197 2895 311 2929 arcte
350 2886 547 2929 humanae
587 2895 753 2929 naturae
791 2888 1071 2943 praestantiam
1107 2888 1401 2941 circumscribi,
1442 2897 1488 2930 ut
1513 2903 1592 2929 non
1620 2894 1781 2943 praeter
1808 2887 2135 2928 consuetudinem
2166 2888 2366 2943 quaedam

198 2949 284 3006 ejus
306 2951 452 2992 indicia
475 2953 587 3007 quasi
608 2953 732 2993 flores
756 2959 975 3008 erumpant.
999 2941 1200 2993 ¹Ceterum
1222 2952 1388 2994 feminas
1411 2961 1453 2994 et
1473 2960 1613 3008 nuptas
1635 2959 1675 2992 et
1696 2965 1774 2991 non
1790 2958 1931 3005 nuptas
1950 2952 2043 2991 viris
2067 2966 2229 3007 semper
2244 2951 2368 2994 fuisse

2060 3036 2084 3071 4
