2578 3373
1249 221 1307 265 21

195 340 403 397 ἐπίφρονά
432 354 509 396 περ
538 338 630 394 μάλ’
657 339 777 384 ἐόντα
804 344 874 383 καί
899 355 944 383 τε
979 341 1302 395 χαλιφρονέοντα
1336 339 1620 397 σαοφροσύνης
1648 337 1864 393 ἐπέβησαν.
1914 339 1957 381 οἳ
1983 339 2034 381 σέ
2058 353 2137 396 περ
2166 338 2368 396 ἔβλαψαν.

194 412 294 462 πρὶν
323 408 366 448 δὲ
388 409 540 459 φρένας
561 407 698 460 αἰσίμη]
728 405 852 460 ἦσθα.
886 406 932 446 Il.
955 406 1029 446 IX.
1053 406 1146 446 460
1169 405 1349 446 Phoenix
1380 406 1432 447 de
1462 421 1507 446 se
1537 404 1701 446 Achilli:
1734 402 1836 444 ἄλλά
1867 420 1925 451 τις
1955 403 2180 446 ἀθανάτων
2207 409 2370 446 παῦσεν

193 470 336 523 χόλον,
371 470 413 517 ὅς
434 468 476 525 ῥ’
498 470 558 511 ἐνὶ
578 475 695 527 θυμῷ
717 470 844 527 δῆμον
863 474 964 525 θῆκε
985 468 1112 524 φάτιν
1139 475 1206 511 καὶ
1228 468 1382 513 ὄνειδέα
1402 469 1517 514 πόλλ’
1542 467 1801 524 ἀνθρώπων,
1835 466 1885 516 ὡς
1911 469 1964 523 μα’]
1992 468 2255 524 πατροφόνος
2283 467 2368 522 μετ’

188 534 414 587 Ἀχαιοΐσιν
444 536 666 590 καλεοίμην.
709 536 755 576 Il.
778 536 893 576 XIX.
918 535 978 576 86
1001 536 1251 589 Agamemno
1274 535 1324 575 de
1345 534 1505 590 injuria,
1539 549 1618 590 qua
1648 533 1842 573 Achillem
1871 534 2083 574 affecerat:
2115 536 2189 585 ἐγὼ
2223 533 2265 574 δ’
2297 532 2369 575 οὐκ

196 598 325 645 αἴτιός
354 600 449 650 εἰμι,
481 597 583 639 ἀλλὰ
605 599 701 645 Ζεύς
721 606 787 639 καὶ
809 602 952 653 ᾹῙοῖρα
972 604 1051 638 καῖ’
1070 596 1294 651 ἠεροφοῖτις
1309 598 1495 653 Ἐριννύς.
1539 599 1619 639 011.
1650 598 1744 637 ΧΧ.
1774 599 1879 637 345.
1921 599 2035 638 XXI.
2072 600 2172 638 102.
2212 599 2259 639 Π.
2288 599 2365 639 IX.

194 662 300 704 609.
334 662 386 703 X.
411 663 483 704 46.
516 663 589 704 XI.
624 663 733 705 163:
766 663 939 716 ‘'Extwa
969 659 1009 702 δ’
1044 661 1087 703 ἐκ
1115 663 1262 714 βελέων
1290 662 1417 712 ὕπαγε
1448 662 1557 709 Ζεύς.
1590 661 1638 702 Il.
1661 661 1756 701 XII.
1784 660 1886 702 164.
1918 661 2035 703 ΧΙΠ.
2071 663 2107 702 l.
2141 662 2243 703 783.
2274 662 2363 704 XV.

194 727 300 768 464.
332 727 437 767 490.
472 728 575 767 694.
619 728 727 768 XVI.
761 728 865 767 700.
898 726 1029 767 XVII.
1064 726 1166 766 177.
1208 726 1321 767 XIX.
1354 728 1443 767 270
1474 726 1666 767 Achilles:
1709 726 1788 765 Ζεῦ
1817 724 1971 778 πάτερ,
2012 723 2035 779 ἦ
2064 724 2235 777 μεγάλας
2264 725 2364 773 ἄτας

191 789 386 846 ἄνδρεσσι
408 792 610 832 δίδοισθα.
643 792 707 831 Ad
728 791 931 831 hominum
953 797 1088 830 autem
1108 790 1306 830 licentiam
1329 791 1436 845 quod
1459 792 1617 841 attinet,
1651 790 1823 843 primum
1854 804 1992 829 eorum
2024 804 2152 845 genus
2182 790 2363 831 locorum

191 861 275 906 est,
307 856 448 909 quibus
470 856 687 896 secundum
710 857 858 896 rectius
881 855 934 895 de
957 847 1126 895 deorum
1147 862 1286 895 natura
1302 854 1495 909 judicium
1517 856 1643 909 planis
1676 854 1916 907 disertisque
1946 855 2077 894 verbis
2109 855 2258 895 dictum
2288 863 2364 906 est,

192 918 372 959 homines
394 920 502 974 ipsos
525 926 567 959 et
588 933 748 959 suarum
770 933 905 959 rerum
928 932 1020 958 esse
1042 925 1228 958 auctores
1251 925 1291 959 et
1321 919 1496 960 aliarum*
1514 931 1810 971 nonnunquam.
1845 917 1924 957 Od.
1946 918 1977 958 I.
2006 919 2063 958 32
2096 919 2208 958 Jovis
2238 919 2361 973 ipsius

191 982 291 1023 haec
312 984 436 1023 verba
458 990 567 1023 sunt:
600 984 688 1024 οἷον
710 983 756 1035 δή
788 999 833 1023 νυ
856 984 979 1028 θεοὺς
998 986 1134 1036 βροτοὶ
1158 982 1407 1023 αἰτιόωνταιέ
1439 984 1479 1033 ἐξ
1501 982 1633 1037 ἧμέων
1663 981 1736 1035 γάρ
1770 995 1875 1035 φασι
1905 980 1987 1020 κάκ’
2018 982 2204 1033 ἔμμεναι·
2246 982 2289 1023 οἵ
2316 984 2361 1023 δὲ

191 1052 258 1087 καὶ
279 1046 394 1088 αὗτοῑ
417 1052 570 1103 σφῇσιν
591 1046 892 1104 ἆτασθαλίῃσιν
912 1045 1144 1099 ὑπέρμορον
1173 1045 1275 1097 ἄλγε’
1303 1047 1474 1096 ἔχουσιν.
1509 1047 1589 1087 011.
1613 1047 1763 1086 XXIV.
1788 1047 1879 1085 455
1910 1046 2158 1086 Halitherses
2189 1048 2226 1086 in
2249 1047 2358 1087 Itha-

190 1110 368 1151 censium
399 1110 588 1153 concilio:
630 1109 796 1168 ὑμετέρῃ
835 1109 1044 1168 κακότῃτι,
1087 1112 1219 1164 φίλοι,
1262 1109 1357 1151 τάδε
1391 1111 1484 1162 ἔργα
1513 1114 1678 1162 γένοντο
1716 1108 1889 1162 (caedes
1918 1123 2132 1163 procorum
2162 1111 2210 1150 ab
2241 1111 2359 1154 Ulixe

189 1173 354 1230 parata)
378 1174 423 1215 Il.
441 1174 577 1214 XXII.
596 1176 654 1215 54
671 1174 949 1229 Eurymachus
972 1173 1024 1214 de
1047 1188 1167 1214 caeso
1186 1175 1357 1215 Antinoo
1374 1175 1478 1216 Ulixi
1500 1175 1641 1215 ultori:
1667 1177 1738 1214 νῦν
1761 1171 1800 1212 δ’
1824 1172 1845 1213 ὃ
1866 1178 1941 1225 μὲν
1962 1174 2007 1214 ἐν
2025 1178 2141 1232 μοίρῃ
2161 1178 2356 1228 πέφαται.

187 1239 234 1280 ΙΙ.
247 1239 374 1279 .ΧΠ1.
398 1239 487 1279 433
513 1238 564 1278 de
585 1239 859 1294 Hippodamia
880 1239 985 1279 inter
1006 1238 1193 1294 aequales
1214 1240 1374 1294 insigni:
1396 1244 1539 1280 πᾶσαν
1560 1240 1633 1290 γὰρ
1656 1237 1861 1291 ὃμῃλικίην
1879 1238 2085 1279 ἐκέκαστο·
2108 1236 2275 1279 τούνεκα
2294 1242 2362 1279 καί

186 1319 258 1355 μιν
278 1306 398 1355 γῆμεν
418 1301 515 1355 ἀνὴρ
532 1301 699 1357 ὤριστος
716 1304 777 1344 ἐνὶ
803 1305 924 1359 Τροίῃ
947 1301 1088 1360 εὗρείῃ.
1123 1304 1167 1343 Il.
1183 1304 1248 1343 IV.
1263 1305 1374 1344 406:
1395 1302 1503 1356 ἦμεῖς
1523 1309 1589 1343 καὶ
1611 1302 1739 1355 Θήβης
1761 1303 1850 1347 ἕδος
1865 1304 2019 1353 εἵλομεν
2038 1302 2286 1343 ἑπταπύλοιο
2300 1325 2357 1333 --

187 1365 425 1418 πειθόμενοι
445 1365 634 1419 τεράεσσι
649 1371 762 1408 θεῶν
782 1373 848 1407 καὶ
865 1367 991 1420 Ζηνὸς
1012 1365 1142 1423 ἀρωγῇ
1154 1381 1163 1390 ·
1185 1373 1303 1408 κεῖνοι
1322 1368 1363 1407 δὲ
1381 1370 1626 1423 σφετέρῃσιν
1641 1364 1944 1422 ἀτασθαλίῃσιν
1958 1364 2112 1407 ὄλοντο.
2137 1366 2358 1407 Praeterea

188 1428 328 1472 cf.0d.
347 1430 537 1471 ΙΧ.477.
555 1431 691 1471 Χ.27.
706 1431 808 1472 129.
832 1430 911 1472 011.
929 1430 1081 1471 XVIII.
1104 1430 1269 1472 130.·Il.
1289 1429 1517 1471 XXIV.53.
1542 1430 1621 1471 Od.
1632 1430 1727 1470 XII.
1741 1431 1846 1470 211.
1871 1429 2071 1470 Ο11.ΧΙΧ.
2094 1431 2194 1470 109.
2217 1430 2356 1471 Preci-

186 1497 261 1535 bus
284 1496 400 1545 enim,
421 1495 537 1545 votis,
559 1496 777 1545 sacrificiis,
799 1495 987 1551 [quamvis
1009 1496 1217 1549 plurimum
1237 1496 1434 1535 tribuatur
1454 1496 1507 1534 ad
1529 1495 1771 1535 flectendam
1796 1494 1963 1533 deorum
1984 1495 2104 1544 iram,
2136 1503 2270 1534 tamen
2291 1496 2358 1534 ubi

182 1558 311 1614 justas
333 1559 501 1613 primum
524 1559 602 1598 iras
625 1566 920 1613 conceperunt,
953 1560 1029 1600 ista
1051 1560 1144 1600 nihil
1166 1559 1305 1600 valent.
1340 1559 1418 1600 Od.
1442 1560 1517 1599 III.
1543 1561 1653 1599 147:
1686 1557 1732 1599 οὗ
1755 1558 1829 1612 γάρ
1852 1557 1885 1598 τ’
1909 1560 2016 1614 αἶψα
2037 1563 2149 1599 θεῶν
2169 1562 2360 1613 τρέπεται

188 1623 280 1668 νόος
302 1625 391 1674 αἰὲν
411 1622 572 1663 ἐόντων.
608 1623 687 1663 011.
717 1624 813 1663 XII.
843 1625 933 1663 215
966 1631 1107 1676 aperte
1136 1624 1399 1676 praecipitur,
1430 1625 1575 1663 Jovem
1607 1637 1685 1662 non
1711 1622 1857 1675 juvare
1889 1623 2106 1672 hominem,
2140 1624 2213 1661 nisi
2245 1636 2358 1662 suum

187 1684 330 1727 fecerit
350 1686 435 1727 sibi.
468 1686 604 1727 Ulixes
635 1686 846 1727 comitibus
870 1686 1090 1742 Cyclopem
1120 1687 1363 1742 effugituris:
1402 1686 1572 1727 τύπτετε
1602 1686 1832 1740 κληίδεσσιν
1862 1685 2072 1740 ἐφήμενοι,
2107 1688 2157 1726 αἴ
2181 1689 2227 1726 κέ
2255 1689 2360 1727 ποθι

189 1752 287 1797 Ζεῦς
307 1750 386 1808 δώῃ
408 1750 524 1791 τόνδε
546 1749 576 1801 γ’
599 1749 773 1804 ὄλεθρον
801 1750 1067 1803 ὑπεκφυγέειν
1094 1757 1159 1791 καὶ
1188 1750 1327 1800 ἀλύξαι
1356 1751 1403 1792 Il.
1426 1752 1521 1791 XII.
1548 1753 1652 1791 275.
1702 1751 1888 1791 Eandem
1929 1740 2160 1791 sententiam
2199 1751 2360 1791 exhibet

186 1814 233 1855 Il.
255 1814 384 1854 XVII.
408 1815 513 1864 331,
544 1815 612 1854 ubi
643 1814 834 1867 Apollinis
864 1816 989 1870 verba
1020 1815 1120 1855 haec
1149 1822 1254 1855 sunt:
1293 1813 1386 1866 ἡμῖν
1416 1816 1460 1855 δὲ
1491 1816 1590 1860 Ζεῦς
1619 1819 1694 1865 μὲν
1724 1815 1829 1854 πολῦ
1866 1814 2048 1865 βούλεται
2078 1812 2100 1866 ή
2132 1818 2359 1855 Δαναοῖσιν

187 1883 318 1932 νίκην·
351 1876 434 1918 ἄλλ’
457 1876 571 1919 αὐτοὶ
592 1876 710 1932 τρεῖτ’
733 1876 938 1928 ἄσπετον,
972 1877 1064 1921 οὐδὲ
1084 1878 1277 1931 μάχεσθε.
1311 1877 1357 1918 11.
1380 1878 1532 1919 XXIV.
1558 1879 1648 1919 464
1673 1879 1850 1918 Hermes
1883 1886 2040 1919 veretur
2068 1877 2212 1917 auxilio
2242 1878 2358 1918 nimis

189 1943 391 1999 praesenti
406 1941 549 1997 juvare
570 1942 749 1983 homines
771 1943 982 1996 mortales,
1014 1959 1066 1985 ne
1088 1943 1182 1999 quid
1204 1957 1329 1998 aegre
1351 1940 1516 1984 feratur.
1560 1942 1825 1997 Polydamas,
1860 1957 1979 1998 quum
2011 1942 2218 1998 augurium
2247 1942 2356 1982 'Pro-

188 2007 289 2060 ianis
319 2008 421 2048 male
451 2008 734 2061 interpretatus
772 2023 950 2063 pugnam
987 2009 1253 2059 dissuasisset,
1292 2009 1473 2058 Hector,
1514 2008 1709 2048 libertatis
1741 2008 1938 2048 humanae
1968 2022 2165 2062 veraeque
2196 2007 2357 2061 pietatis

187 2073 353 2113 eximius
374 2071 537 2121 vindex,
560 2072 660 2111 haec
682 2072 727 2112 Il.
750 2073 846 2112 XII.
872 2075 984 2113 241:
1016 2072 1122 2124 ἡμεῖς
1143 2074 1184 2113 δὲ
1206 2071 1393 2124 μεγάλοιο
1417 2073 1513 2117 Διὸς
1534 2072 1783 2123 πειθώμεθα
1803 2074 1946 2127 βουλῇ,
1980 2072 2020 2117 ὃς
2045 2076 2146 2112 πᾶσι
2167 2076 2359 2123 θνητοῖσι

186 2140 253 2177 καὶ
274 2134 545 2178 ἀθανάτοισιν
567 2133 750 2176 ἀνάσσει.
785 2136 839 2183 εἷς
861 2137 1001 2184 οἰωνὸς
1022 2135 1197 2191 ἄριστος,
1220 2134 1450 2189 ἀμύνεσθαι
1472 2141 1565 2190 περὶ
1589 2135 1754 2189 πάτρης.
1788 2136 1931 2190 Itaque
1953 2136 2218 2176 honestiorem
2235 2135 2357 2175 etiam

188 2200 295 2254 apud
318 2202 543 2239 Homerum
563 2200 787 2239 libertatem
810 2201 1003 2240 habemus
1025 2200 1110 2240 fere
1132 2201 1253 2249 hanc,
1277 2200 1443 2239 deorum
1467 2200 1656 2239 fiduciam
1681 2215 1769 2239 esse
1792 2200 2015 2239 hominibus
2038 2198 2357 2253 conjungendam

188 2279 279 2305 cum
300 2264 470 2304 strenuis
491 2264 701 2304 laboribus.
734 2264 915 2304 Alterum
944 2265 1090 2305 deinde
1118 2264 1297 2305 locorum
1326 2278 1456 2317 genus
1487 2272 1570 2309 est,
1605 2265 1747 2318 quibus
1777 2265 1937 2304 numina
1968 2263 2133 2304 deorum
2171 2263 2360 2303 dicuntur

186 2327 469 2382 impedimenta
492 2326 707 2382 objecisse,
741 2342 844 2382 quae
867 2328 1068 2368 hominum
1092 2334 1198 2378 arte,
1231 2327 1417 2376 consilio,
1440 2327 1633 2367 industria
1658 2329 1736 2367 sint
1758 2335 1931 2367 remota:
1964 2335 2007 2367 ut
2029 2327 2080 2366 dii
2104 2326 2181 2366 Od.
2205 2327 2237 2366 Ι.
2266 2328 2357 2369 198

186 2392 294 2433 Ulixi
315 2391 487 2431 reditum
509 2391 712 2445 praecludi
734 2406 808 2445 per
830 2392 966 2433 hostes
989 2393 1142 2438 volunt:
1174 2398 1348 2432 attamen
1371 2392 1403 2430 is
1426 2406 1461 2431 V.
1488 2393 1603 2431 205:
1637 2393 1892 2444 ([ράσσεται,
1928 2392 1979 2437 ὥς
2006 2407 2047 2431 κε
2078 2394 2235 2443 νέηται,
2266 2392 2359 2432 ἐπεὶ

185 2454 463 2508 πολυμήχανός
484 2456 608 2496 ἐστιν.
643 2458 890 2510 Agamemno
913 2457 959 2496 Il.
982 2457 1091 2496 XIV.
1116 2457 1173 2495 65
1197 2455 1317 2494 haec:
1350 2456 1536 2508 quoniam
1569 2470 1709 2495 omnes
1739 2456 1863 2495 nostri
1893 2462 2056 2494 conatus
2085 2454 2356 2508 nequidquam

185 2518 369 2571 fuerunt,
401 2519 700 2575 intelligendum
722 2526 801 2570 est,
832 2521 976 2561 Jovem
1000 2520 1120 2570 velle,
1153 2517 1197 2560 ut
1226 2519 1418 2559 hocloco
1448 2520 1711 2566 intereamus:
1745 2529 1915 2560 attamen
1946 2534 1979 2559 v.
2016 2519 2073 2559 78
2103 2516 2228 2573 fugae
2257 2532 2354 2559 con-

183 2584 312 2625 silium
333 2584 532 2639 proponit.
566 2585 747 2642 Tertium
769 2598 929 2636 eorum,
963 2586 1030 2625 ubi
1061 2585 1255 2624 incertum
1277 2584 1530 2638 relinquitur,
1565 2589 1697 2624 utrum
1726 2585 1841 2630 deus,
1875 2597 1924 2622 an
1947 2583 2064 2622 animi
2091 2583 2272 2622 voluntas
2301 2582 2355 2623 ad

183 2648 388 2704 agendum
416 2649 595 2688 homines
626 2649 832 2703 impulerit.
874 2648 920 2689 Il.
952 2650 1025 2690 IX.
1051 2649 1139 2689 703
1163 2647 1385 2688 Diomedes
1407 2650 1701 2702 Agamemnoni
1733 2648 1782 2688 de
1813 2646 1964 2687 Achille
1995 2647 2119 2687 irato:
2152 2645 2236 2686 ἀλλ’
2267 2645 2356 2701 ἤτοι

182 2719 316 2755 κεῖνον
335 2717 412 2765 μὲν
432 2712 627 2765 ἐάσομεν,
662 2712 685 2766 ἥ
714 2729 778 2754 κεν
807 2715 936 2770 ἴῃσιν,
970 2711 993 2766 ἦ
1023 2729 1065 2754 κε
1093 2716 1210 2768 μένῃ·
1250 2712 1342 2753 τότε
1372 2709 1411 2752 δ’
1442 2710 1540 2754 αὖτε
1569 2713 1813 2766 μαχήσεται,
1847 2709 2005 2752 ὁππότε
2032 2715 2099 2751 κέν
2127 2728 2198 2762 μιν
2225 2712 2359 2763 θυμὸς

181 2778 243 2820 ἐνὶ
265 2775 491 2830 στήθεσσιν
511 2775 642 2834 ἀνώγῃ
664 2783 730 2818 καῑ
758 2778 852 2823 θεὸς
873 2773 972 2833 ὄρσῃ
986 2794 1000 2824 ‚-
1034 2775 1082 2817 cf.
1107 2776 1186 2817 Od.
1209 2777 1283 2817 ΠΙ.
1310 2777 1382 2817 27.
1416 2776 1496 2817 011.
1520 2778 1587 2819 IV.
1615 2778 1701 2818 712
1725 2776 1864 2816 Meno:
1897 2773 1967 2816 οὐκ
1997 2772 2106 2824 οἶδ’,
2131 2777 2174 2815 εἴ
2195 2778 2256 2822 τίς
2285 2792 2359 2829 μιν

180 2842 277 2888 θεὸς
299 2839 425 2895 ὤρορε
447 2840 525 2896 (de
547 2841 793 2882 Telemacho
815 2839 996 2896 profecto
1019 2840 1275 2897 Penelopae)
1308 2839 1348 2892 ήὲ
1377 2846 1444 2880 καὶ
1467 2840 1593 2882 αὐτοῦ
1621 2842 1748 2891 θυμὸς
1777 2839 1997 2892 ἐφωρμήθη
2027 2842 2117 2890 ἶμεν
2147 2840 2187 2884 ἐς
2219 2840 2359 2881 Πύλον

181 2913 258 2947 cet.
292 2906 523 2960 Sequuntur
545 2906 716 2960 denique
738 2906 837 2958 loci,
870 2905 1009 2960 quibus
1031 2904 1083 2945 ad
1116 2904 1215 2945 deos
1239 2904 1400 2959 quidem
1430 2905 1596 2960 alicujus
1627 2905 1685 2946 rei
1715 2919 1835 2945 causa
1866 2901 2060 2955 refertur,
2096 2902 2170 2945 sed
2198 2905 2274 2956 ita,
2307 2911 2352 2946 ut
