2578 3373
1281 235 1341 282 26

227 354 439 403 obnoxias,
472 359 615 406 nuptas
636 353 847 404 uxoribus,
880 366 961 393 non
983 361 1128 408 nuptas
1149 356 1348 409 patribus,
1371 354 1412 395 id
1435 354 1624 408 exemplis
1645 353 1776 395 multis
1800 355 2070 396 confirmatur.
2102 354 2263 396 Helena
2280 356 2399 407 enim,

226 417 403 475 quamvis
425 416 690 456 acerbissimis
712 416 843 456 verbis
865 430 1034 457 uxorem
1054 418 1257 474 increpet,
1289 417 1422 460 facere
1443 425 1576 459 tamen
1597 423 1802 473 postremo
1824 431 1905 459 non
1926 424 2080 474 potest,
2107 418 2201 474 quin
2223 420 2398 460 auctori-

226 483 297 522 tati
318 482 484 520 uxoriae
507 481 752 534 obsequatur
773 481 818 520 Il.
841 481 916 520 III.
941 482 1046 521 428.
1070 484 1177 523 447.
1210 484 1338 523 Unica
1359 485 1480 522 Arete
1503 489 1583 532 est,
1618 496 1743 536 quae,
1765 483 1798 521 si
1820 483 1860 522 in
1882 482 2090 522 Alcinoum
2112 484 2297 523 maritum
2318 497 2399 522 non

225 546 472 595 dominatur,
500 544 610 598 justo
634 552 768 585 tamen
789 543 981 598 majorem
1003 545 1044 586 in
1065 546 1322 588 moderandis
1345 548 1463 588 rebus
1493 546 1723 587 domesticis
1752 547 2034 588 auctoritatem
2062 547 2213 588 habere
2242 546 2400 616 videtur

225 609 304 650 Od.
327 610 396 650 VI,
422 610 525 649 310.
560 608 765 663 Quidquid
788 609 890 649 enim
913 609 1069 663 agitur,
1104 611 1156 651 ad
1179 610 1264 665 ejus
1286 618 1527 665 provocatur
1542 609 1736 664 judicium
1760 618 1801 651 et
1821 611 2160 652 intercessionem.

354 672 439 714 Sed
462 679 609 728 quanto
641 673 730 728 plus
763 672 908 714 licebat
937 673 1051 724 viris,
1084 679 1197 716 tanto
1228 676 1354 716 minus
1384 673 1556 726 feminis,
1589 688 1714 730 quae,
1747 674 1830 715 sive
1864 681 1978 716 erant
2006 681 2173 730 nuptae,
2206 674 2289 716 sive
2318 687 2399 715 non

225 744 362 787 erant,
386 739 632 787 castitatem,
655 738 907 791 pudicitiam,
931 737 1055 776 decus
1078 738 1242 779 laedere
1265 753 1345 779 non
1368 739 1566 779 debebant
1592 738 1671 778 Od.
1694 739 1761 778 VI.
1789 740 1890 778 147.
1915 740 2019 778 273.
2044 740 2148 779 287.
2180 740 2269 779 VII.
2294 739 2399 788 305,

225 808 267 842 et
289 801 463 850 scelera,
498 798 675 854 quamvis
700 808 739 841 et
760 801 866 840 viros
888 800 1198 852 dedecorarent,
1233 803 1405 843 omnium
1427 811 1558 843 tamen
1580 802 1889 856 flagitiosissima
1911 803 1949 842 in
1971 800 2127 843 feminis
2157 817 2247 843 esse
2276 802 2399 843 habe-

223 865 372 905 bantur
401 864 479 904 Od.
503 865 575 904 XI.
601 866 706 904 427.
731 865 835 905 434.
876 864 1010 904 Porro
1042 872 1086 904 ut
1119 866 1189 905 viri
1221 866 1424 906 hominum
1455 865 1599 906 famam
1629 866 1786 920 plurimi
1815 858 2097 917 aestimabant,
2130 866 2187 906 sic
2216 864 2400 916 feminae,

225 943 331 983 quae
352 930 493 968 mirum
517 935 707 982 quantum
729 929 804 968 hac
826 929 1024 982 religione
1045 930 1287 969 tenebantur
1309 930 1388 970 Od.
1410 920 1477 971 VI.
1502 932 1591 970 310
1616 930 1666 970 de
1688 930 1907 969 Nausicaa:
1940 929 1991 975 ὣς
2013 928 2128 982 ἔφατ’
2158 931 2294 970 αἲδετο
2326 931 2401 983 γὰρ

223 993 404 1046 θαλερὸν
432 991 559 1044 γάμον
581 993 816 1045 ἐξονομῆναι
845 998 970 1047 πατρὶ
1002 994 1128 1047 φίλῳ·
1163 992 1184 1034 ὁ
1208 994 1250 1034 δὲ
1281 993 1420 1035 πάντα
1451 994 1543 1035 νόει.
1577 1009 1612 1034 v.
1638 994 1749 1035 286:
1781 999 1847 1034 καὶ
1880 991 1919 1034 δ’
1952 991 2049 1052 ἄλλῃ
2073 997 2257 1050 νεμεσῶ,
2291 992 2317 1048 ἥ
2344 1008 2402 1040 τις

223 1055 393 1098 τοιαῦτά
416 1073 458 1108 γε
481 1057 599 1111 ῥέζοι,
621 1054 679 1111 ἥτ’
703 1054 835 1109 άέκητι
858 1058 989 1110 φίλων
1011 1057 1164 1111 πατρὸς
1185 1063 1251 1098 καὶ
1272 1060 1419 1112 μητρὸς
1440 1058 1588 1100 ἐόντων
1610 1056 1780 1113 ἅνδρασι
1801 1061 2003 1112 μίσγηται,
2027 1061 2124 1112 πρίν
2146 1055 2177 1109 γ’
2195 1055 2402 1111 ἀμφάδιον

223 1120 354 1173 γάμον
384 1122 547 1168 ἐλθεΐν;
582 1119 631 1162 cf.
666 1120 744 1161 Od.
768 1121 834 1161 VI.
867 1122 939 1162 66.
991 1122 1184 1162 Ceterum
1215 1121 1395 1163 homines
1428 1123 1501 1163 toti
1532 1130 1665 1173 erant,
1706 1137 1836 1176 neque
1869 1122 2027 1163 humani
2060 1122 2275 1177 quidquam
2305 1136 2329 1162 a
2358 1136 2402 1162 se

224 1186 397 1226 alienum
420 1200 509 1225 esse
532 1185 744 1225 ducebant.
780 1185 857 1225 Od.
881 1186 933 1226 X.
958 1187 1063 1227 480.
1096 1186 1141 1226 Il.
1165 1186 1233 1226 VI.
1260 1188 1331 1226 25.
1365 1187 1473 1227 XIV.
1499 1188 1601 1228 346.
1627 1189 1665 1227 7.
1699 1186 1777 1227 Od.
1800 1187 1874 1227 HI.
1899 1188 2003 1227 464.
2037 1187 2104 1227 IV.
2131 1188 2234 1227 252.

1198 1318 1261 1372 C.
1299 1319 1451 1371 XXI.

354 1437 466 1476 Inter
488 1451 536 1475 ea
557 1443 776 1490 postremo,
800 1451 902 1491 quae
926 1436 977 1476 de
995 1437 1172 1476 moribus
1192 1444 1417 1477 memoratu
1436 1437 1560 1493 digna
1577 1452 1665 1478 esse
1684 1437 1902 1489 videantur,
1924 1437 2167 1477 numeranda
2185 1438 2401 1492 possessio.

226 1503 370 1549 Hanc,
404 1509 447 1540 ut
478 1502 630 1549 omnia,
665 1516 688 1540 a
720 1501 791 1540 diis
830 1502 1086 1553 repetebant,
1130 1501 1208 1541 Od.
1239 1502 1351 1541 VIII.
1386 1502 1477 1542 325
1511 1503 1706 1554 δωτῆρσιν
1744 1502 1870 1549 ἐάων,
1912 1502 2093 1553 interque
2129 1502 2202 1541 hos
2240 1517 2263 1541 a
2299 1503 2403 1542 Jove

227 1564 497 1619 potissimum,
530 1562 667 1605 mundi
688 1565 808 1605 totius
832 1565 1104 1619 gubernatore
1128 1564 1206 1606 Od.
1230 1565 1297 1606 VI.
1327 1566 1429 1615 188,
1462 1565 1612 1606 XVIII.
1640 1565 1695 1606 19
1727 1572 1767 1606 et
1796 1562 1845 1607 cf.
1876 1579 1962 1618 cap.
1985 1565 2100 1606 XIII.
2139 1565 2240 1606 Erat
2270 1572 2403 1607 autem

227 1628 431 1684 possessio
462 1634 529 1669 aut
560 1626 785 1669 hereditate
818 1635 1007 1684 accepta,
1042 1634 1109 1669 aut
1140 1635 1267 1684 parta.
1319 1628 1366 1669 In
1401 1627 1717 1683 possessionibus
1749 1628 1925 1683 acceptis
1954 1634 1994 1670 et
2024 1628 2134 1683 ipsae
2166 1634 2256 1670 sunt
2286 1628 2404 1670 animi

231 1693 369 1743 dotes,
403 1694 703 1747 quibuscunque
734 1694 872 1747 aliquis
903 1694 1080 1743 excellit,
1123 1694 1197 1744 ita,
1237 1701 1280 1734 ut
1312 1694 1358 1734 Il.
1390 1694 1520 1734 XVII.
1556 1695 1646 1733 576
1681 1692 1794 1747 juxta
1825 1694 1942 1733 animi
1974 1694 2213 1747 probitatem
2244 1693 2405 1734 divitiae

233 1763 493 1805 conseantur;
527 1755 576 1796 cf.
601 1756 679 1796 Od.
711 1757 862 1797 XVIII.
891 1759 991 1797 127.
1041 1758 1183 1812 Itaque
1214 1757 1331 1797 claris
1371 1771 1451 1796 non
1485 1757 1611 1796 solum
1643 1757 1938 1812 opulentisque,
1971 1756 2043 1796 sed
2073 1757 2185 1796 bonis
2216 1757 2334 1796 etiam
2364 1764 2406 1798 et

233 1821 495 1875 prudentibus
526 1828 660 1861 natum
692 1836 779 1861 esse
810 1823 1061 1874 parentibus,
1099 1823 1136 1861 in
1169 1823 1347 1862 maximis
1375 1823 1496 1862 rebus
1527 1822 1715 1877 habetur,
1757 1823 2030 1875 maximaeque
2070 1821 2403 1862 commendationi

235 1885 359 1926 cuivis
383 1894 443 1925 est
463 1885 508 1925 ΙΙ.
531 1885 638 1926 XIV.
667 1886 767 1926 113.
790 1886 904 1927 XXI.
933 1887 1032 1927 154.
1061 1887 1159 1928 187.
1196 1886 1274 1927 Od.
1297 1887 1329 1927 Ι.
1358 1887 1460 1928 180.
1493 1886 1561 1927 IV.
1586 1886 1689 1926 611.
1722 1888 1781 1927 Ac
1803 1900 1899 1926 vero
1922 1899 1996 1940 per
2016 1891 2101 1926 tota
2122 1883 2209 1926 fere
2230 1886 2404 1927 Homeri

236 1949 413 1987 carmina
437 1964 458 1986 e
481 1957 645 1988 naturae
669 1949 989 1994 consideratione
1012 1952 1181 2001 repetita
1203 1951 1304 1988 haec
1328 1957 1389 1987 est
1410 1951 1626 1988 sententia:
1659 1951 1764 1988 bono
1795 1957 1909 2001 patre
1937 1951 2063 1987 bonos
2092 1949 2239 1988 liberos
2272 1951 2402 2003 gigni,

235 2011 343 2053 unde
366 2013 419 2060 is,
452 2014 518 2064 qui
541 2013 594 2052 ita
618 2014 738 2053 verba
761 2011 875 2062 facit,
907 2022 951 2054 ut
972 2014 1208 2065 prudentem
1232 2031 1275 2054 se
1304 2029 1394 2054 esse
1416 2013 1584 2065 prodat,
1618 2013 1733 2053 claris
1763 2014 1992 2065 parentibus
2021 2021 2135 2053 natus
2166 2030 2256 2054 esse
2286 2022 2401 2066 puta-

234 2075 355 2120 batur
378 2073 456 2117 Od.
479 2073 629 2117 XVIII.
658 2076 757 2118 125.
791 2076 861 2129 At,
895 2076 960 2132 qui
985 2083 1044 2119 est
1066 2084 1223 2133 patrum
1246 2077 1284 2119 in
1307 2075 1456 2118 liberos
1479 2091 1612 2128 amor,
1646 2082 1805 2132 optatur
1834 2074 1995 2133 quidem
2024 2091 2325 2134 nonnunquam,
2358 2084 2403 2120 ut

235 2141 409 2181 evadant
442 2141 627 2179 meliores
658 2143 834 2193 patribus
864 2142 933 2181 filii
963 2143 1008 2182 Il.
1038 2144 1105 2182 VI.
1140 2145 1254 2193 479,
1288 2142 1360 2181 sed
1391 2143 1547 2196 magnis
1580 2142 1748 2196 aliquem
1779 2142 1980 2181 laboribus
2008 2143 2163 2181 virtutis
2194 2142 2402 2197 cujusdam

235 2206 522 2258 praestantiam
545 2205 598 2242 ita
621 2205 693 2242 sibi
717 2207 939 2257 peperisse,
973 2214 1017 2244 ut
1039 2215 1145 2246 esset
1168 2209 1341 2246 obscuro
1370 2206 1460 2245 loco
1494 2213 1628 2254 natus,
1662 2206 1766 2258 apud
1798 2207 2043 2255 Homerum,
2077 2207 2186 2259 quod
2217 2207 2404 2260 equidem

234 2269 381 2318 sciam,
416 2265 594 2307 inaudita
616 2282 681 2307 res
705 2274 777 2309 est.
811 2268 925 2314 Quae
949 2284 1067 2323 quum
1090 2271 1144 2311 ita
1167 2271 1261 2321 sint,
1294 2284 1373 2310 non
1398 2269 1539 2309 mirum
1562 2276 1641 2319 est,
1675 2268 1783 2324 q'uod
1804 2268 1944 2311 iisdem
1971 2269 2174 2311 vocabulis
2206 2286 2254 2311 ac
2276 2270 2403 2311 nomi-

233 2333 350 2373 nibus
382 2332 539 2371 interna
562 2330 729 2370 hominis
761 2333 1021 2385 praestantia,
1065 2335 1205 2388 quibus
1246 2341 1412 2374 externa
1448 2333 1693 2388 significatur
1729 2331 1899 2375 fortuna.
1954 2334 2085 2374 Totus
2125 2334 2230 2375 enim
2267 2334 2402 2385 homo,

234 2403 567 2451 quantuscunque
606 2395 669 2433 vel
706 2396 836 2433 animo
868 2397 1108 2449 ingenioque
1145 2398 1208 2436 vel
1240 2411 1413 2451 corpore
1444 2395 1679 2451 fortunaque
1709 2405 1817 2447 erat,
1850 2412 1873 2437 a
1902 2398 1977 2437 diis
2010 2399 2121 2451 quasi
2153 2398 2282 2438 factus
2313 2411 2403 2437 esse

231 2466 409 2514 putatur.
442 2460 537 2499 Hae
560 2457 723 2512 quidem
746 2460 1007 2500 communiter
1029 2458 1166 2512 ἀρεταὶ
1188 2462 1441 2502 nominantur
1463 2460 1536 2501 Od.
1561 2461 1709 2502 XVIII.
1738 2461 1838 2503 133.
1861 2461 1907 2503 Il.
1930 2461 2023 2502 XX.
2044 2463 2147 2503 242.
2165 2460 2215 2503 cf.
2236 2461 2401 2502 Nitzsch

231 2524 282 2566 ad
308 2523 387 2565 Od.
409 2524 483 2564 III.
506 2524 578 2563 57.
614 2521 733 2564 Unde
756 2523 955 2577 sequitur,
977 2524 1168 2564 servitute
1191 2526 1392 2579 oppressis
1413 2525 1551 2565 Jovem
1572 2525 1794 2566 hominibus
1816 2523 1962 2582 ἇρετῆν
1982 2525 2182 2579 μινύθειν.
2217 2526 2400 2566 Victores

230 2590 336 2630 enim
368 2588 464 2628 nihil
503 2587 703 2641 antiquius
745 2587 912 2637 habent,
945 2601 1062 2641 quam
1092 2598 1135 2627 ut
1163 2588 1328 2628 devictis
1364 2590 1631 2643 possessiones
1661 2589 1835 2630 adimant
1866 2589 1944 2630 0d.
1968 2591 2119 2631 XVIII.
2155 2590 2255 2630 133.
2296 2590 2399 2630 Item

227 2652 335 2697 fama
357 2668 436 2693 non
461 2652 591 2705 magis
614 2652 816 2700 internae,
852 2666 969 2705 quam
1000 2659 1188 2692 externae
1220 2652 1420 2693 hominum
1448 2668 1510 2694 res
1543 2654 1867 2705 celebrabantur,
1905 2655 1937 2694 is
1969 2662 2124 2704 autem,
2157 2655 2223 2707 qui
2253 2654 2398 2695 divitiis

229 2717 408 2769 excellit,
442 2716 566 2772 longe
606 2715 729 2771 pluris
766 2715 1019 2766 aestimatur,
1053 2730 1170 2770 quam
1200 2716 1312 2771 inops
1355 2723 1470 2772 atque
1508 2733 1660 2774 egenus
1690 2718 1768 2761 Od.
1800 2719 1873 2760 XI.
1906 2719 1996 2760 356
2038 2718 2174 2760 Ulixes
2205 2717 2393 2760 Alcinoo:

228 2785 271 2824 εἴ
284 2799 335 2835 με
356 2788 422 2822 καὶ
446 2783 499 2827 εἷς
521 2782 710 2823 ἐνιαυτὸν
733 2779 914 2831 ἀνώγοιτ’
946 2778 1091 2821 αὐτόθι
1115 2784 1293 2832 μίμνειν,
1328 2783 1491 2837 πομπήν
1519 2782 1552 2823 τ’
1584 2782 1809 2837 ὄτρύνοιτε,
1842 2790 1907 2824 καὶ
1939 2782 2069 2834 ἇγλαά
2096 2783 2205 2837 δῶρα
2237 2784 2400 2832 διδοῖτε,

227 2851 298 2888 καί
316 2863 358 2888 κε
380 2848 426 2888 τὸ
447 2848 686 2899 βουλοίμην,
719 2849 790 2886 καί
808 2861 876 2886 κεν
897 2846 1002 2886 πολύ
1024 2846 1178 2898 κέρδιον
1199 2849 1257 2899 εἰη
1279 2847 1481 2906 πλειοτέρῃ
1505 2847 1581 2889 σύν
1601 2854 1702 2903 χειρὶ
1724 2851 1845 2902 φίλην
1867 2849 1905 2894 ἐς
1927 2845 2095 2901 πατρίδ’
2118 2847 2291 2890 ἱκέσθαι.
2335 2852 2405 2889 καί

226 2909 256 2953 κ’
293 2910 537 2965 αἰδοιότερος
582 2915 649 2952 καὶ
692 2911 879 2964 φίλτερος
921 2907 1118 2964 ἀνδράσιν
1155 2911 1237 2963 εἴην
1273 2914 1421 2961 πᾶσιν,
1478 2912 1566 2954 ὅσοι
1608 2911 1646 2964 μ’
1687 2911 1890 2965 Ἰθάκηνδε
1928 2913 2082 2954 ἰδοίατο
2128 2911 2396 2966 νοστῆσαντα.
