2578 3373
1243 276 1300 322 19

185 403 310 438 tatem
331 410 475 453 parare
498 396 573 437 sibi
592 403 756 452 possent
778 396 856 437 Od.
879 397 1029 437 XXIV.
1054 397 1135 437 93:
1169 395 1220 442 ὣς
1241 397 1291 437 σύ
1318 400 1393 449 μὲν
1415 394 1505 437 οὐδὲ
1528 395 1673 436 θανών
1706 391 1816 446 ὄνομ’
1849 393 2021 445 ὤλεσας,
2056 394 2160 437 ἄλλά
2189 411 2252 436 τοι
2282 397 2362 438 αἰεὶ

185 462 344 509 πάντας
370 460 434 504 ἐπ’
463 460 705 517 ἀνθρώπους
733 464 843 508 κλέος
874 462 1038 503 ἔσσεται
1068 462 1243 510 ἐσθλὸν,
1279 460 1469 511 Ἀχιλλεῦ.
1518 461 1596 501 Od.
1620 460 1735 500 XIX.
1761 460 1873 501 328:
1906 459 2120 515 ἄνθρωποι
2150 463 2193 502 δὲ
2222 477 2361 512 μινυν-

183 525 326 569 θάδιοι
346 527 601 568 τελέθουσιν.
637 525 678 574 ὃς
697 530 772 580 μὲν
794 523 946 580 ἆπηνῆς
967 522 1086 572 ἆυτός
1108 523 1175 583 ἴῃ,
1208 529 1274 565 καὶ
1295 523 1454 580 ἀπηνέα
1475 525 1585 583 εἰδῇ,
1619 526 1675 565 τῶ
1707 524 1750 564 δὲ
1771 528 2023 579 καταρῶνται
2053 525 2203 573 πάντες
2223 529 2363 580 βροτοὶ

185 589 289 640 ἄλγε’
320 588 480 630 ὄπίσσω
511 594 614 644 ζωῷ·
656 589 759 643 ἆτὰρ
790 592 988 629 τεθνεῶτί
1013 587 1044 638 γ’
1075 587 1352 643 ἐφεψιόωνται
1390 589 1588 633 ἅπαντες·
1625 587 1667 631 ὃς
1697 586 1732 625 δ’
1773 587 1825 626 ἂν
1859 587 2025 640 ἆμύμων
2063 588 2179 634 αὐτὸς
2219 590 2263 649 ἔῃ
2293 593 2362 628 καὶ

184 653 373 706 ἇμῦμονα
395 656 499 712 εἰδῇ,
532 659 604 695 τοῦ
624 658 699 706 μέν
720 670 764 694 τε
780 656 890 699 κλέος
911 651 1003 706 εὖρὺ
1026 653 1093 692 διὰ
1116 658 1238 700 ξεῖνοι
1259 657 1477 707 φορέουσιν
1498 653 1657 697 πάντας
1678 650 1741 692 ἐπ’
1764 651 2024 705 ἀνθρώπους·
2058 657 2205 694 πολλοί
2223 659 2269 694 τέ
2288 671 2361 705 μιν

183 718 339 761 ἐσθλὸν
368 718 517 761 ἔειπον.
560 717 640 760 Od.
669 717 779 760 VIII.
815 718 901 759 147
932 715 1161 757 Laodamas
1193 714 1318 757 Ulixi:
1359 714 1405 760 οὗ
1435 721 1510 770 μὲν
1538 717 1614 772 γὰρ
1643 718 1780 769 μεῖζον
1806 717 1916 764 κλέος
1946 714 2111 771 ἀνέρος,
2153 714 2262 772 ὄφρα
2291 722 2361 761 κεν

183 780 299 842 ᾗσιν,
332 781 355 842 ᾖ
377 782 399 824 ὅ
420 799 458 823 τι
480 786 634 824 ποσσίν
655 797 699 823 τε
721 782 822 837 ῥέξει
843 786 910 821 καὶ
930 786 1071 837 χερσὶν
1092 779 1216 840 ἑῇσιν.

1132 871 1195 925 C.
1231 872 1413 924 XVII.

310 972 452 1014 Gloria
474 978 607 1013 autem
630 979 671 1014 et
693 971 875 1028 corporis
899 968 1005 1027 (0d.
1028 962 1139 1012 VIII.
1166 969 1278 1028 147)
1313 978 1354 1012 et
1374 971 1516 1012 mentis
1549 970 1699 1010 viribus
1730 970 1900 1011 maxime
1931 973 2247 1027 comparabatur.
2281 974 2358 1015 His

185 1038 289 1079 enim
319 1038 508 1078 effectum
540 1044 619 1089 est,
654 1044 700 1077 ut
730 1041 1047 1092 cognoscerent,
1089 1036 1182 1089 quid
1213 1043 1318 1076 esset
1354 1043 1489 1090 aptum
1529 1035 1581 1075 ad
1612 1036 1911 1075 consuetudinis
1947 1036 2100 1091 legem,
2140 1038 2232 1092 quid
2264 1053 2357 1090 non,

185 1102 279 1154 illis,
311 1109 356 1143 ut
377 1102 602 1143 rumoribus
626 1102 938 1143 celebrarentur.
971 1100 1147 1140 Mentem
1179 1107 1310 1141 autem
1341 1100 1419 1141 hoc
1452 1101 1542 1141 loco
1571 1100 1820 1140 nominamus
1853 1115 1941 1141 eam
1971 1102 2087 1141 animi
2116 1100 2357 1154 facultatem,

186 1180 265 1221 qua
287 1167 375 1221 quis
397 1165 602 1220 intelligit,
635 1166 730 1220 quid
752 1166 789 1204 in
814 1166 934 1204 rebus
958 1164 1009 1202 sit
1029 1163 1145 1214 utile,
1179 1164 1272 1218 quid
1294 1178 1394 1215 non,
1429 1172 1469 1204 et
1497 1164 1539 1203 id
1571 1164 1754 1218 quidem,
1788 1164 1897 1218 quod
1931 1164 2017 1204 fere
2049 1175 2357 1207 consentaneum

187 1237 268 1281 est,
299 1229 396 1270 utile
420 1230 481 1269 vel
502 1229 638 1270 inutile
660 1229 711 1269 ad
742 1230 914 1283 aliquam
947 1228 1127 1282 corporis
1158 1228 1410 1282 voluptatem.
1452 1229 1648 1268 Altiorem
1679 1235 1748 1268 aut
1777 1229 2021 1269 subtiliorem
2049 1238 2221 1271 mentem
2249 1231 2357 1271 haud

185 1299 391 1334 noverant.
441 1294 574 1339 Quum
603 1293 727 1349 igitur
753 1306 833 1333 non
866 1305 915 1332 ea
945 1305 1057 1332 mens
1090 1298 1215 1343 esset,
1256 1305 1358 1347 quae
1389 1306 1438 1333 ex
1471 1293 1592 1332 rebus
1633 1293 1706 1332 sub
1740 1306 1879 1333 sensus
1920 1293 2149 1335 cadentibus
2193 1294 2245 1335 ad
2289 1309 2356 1335 eas

187 1358 406 1412 cogitando
437 1359 646 1408 transiret,
679 1372 783 1411 quae
813 1357 994 1396 sensibus
1025 1370 1105 1395 non
1136 1355 1410 1409 subjiciuntur,
1440 1357 1516 1396 'sed
1547 1372 1659 1396 mera
1691 1357 1890 1410 quaedam
1920 1358 2129 1408 calliditas,
2163 1367 2204 1399 et
2236 1374 2357 1412 quum

187 1436 304 1464 omne
320 1419 514 1477 judicium
537 1427 605 1463 aut
626 1420 888 1477 perceptione
910 1434 1046 1461 rerum
1069 1434 1350 1475 corporearum
1372 1421 1478 1475 ipsa,
1511 1427 1579 1461 aut
1610 1420 1731 1462 rebus
1766 1428 1859 1462 ante
1893 1418 2004 1463 factis
2034 1420 2120 1463 fere
2149 1423 2355 1475 niteretur,

187 1501 279 1526 eum
300 1500 465 1525 necesse
489 1492 576 1525 erat
597 1486 878 1524 validissimam
899 1491 1073 1524 mentem
1104 1485 1269 1536 habere,
1303 1486 1368 1540 qui
1392 1485 1613 1524 diutissime
1637 1486 1802 1524 vixerat.
1836 1486 1976 1541 Itaque
2004 1487 2111 1542 apud
2132 1488 2355 1527 Homerum

185 1552 462 1591 adolescentes
483 1551 722 1603 plerumque
745 1550 961 1589 calliditate
983 1551 1059 1589 ista
1082 1557 1216 1588 carent
1236 1573 1299 1579 —
1322 1550 1401 1589 od.
1424 1551 1476 1589 X.
1502 1552 1615 1589 552:
1643 1549 1850 1603 Ἐλπήνωρ
1874 1553 1920 1591 δέ
1947 1567 2003 1596 τις
2025 1553 2114 1591 ἔσκε
2148 1553 2355 1600 νεώτατος,

186 1613 280 1658 οὗδέ
299 1632 338 1657 τι
358 1616 447 1669 λίην
468 1612 630 1668 ἄλκιμος
651 1615 697 1657 ἐν
717 1615 905 1669 πολέμῳ,
939 1611 1031 1656 οὔτε
1052 1618 1195 1668 φρεσὶν
1216 1609 1307 1672 ᾗσιν
1329 1611 1505 1669 ἆρηρώς;
1540 1611 1590 1655 cf.
1615 1613 1694 1655 Od.
1717 1614 1785 1656 IV.
1814 1615 1902 1656 167
1926 1640 1986 1648 —
2016 1616 2213 1657 excellunt
2242 1632 2355 1658 senes

185 1703 250 1710 —
270 1679 317 1719 Il.
339 1679 455 1719 XIII.
480 1679 596 1719 354:
628 1676 651 1732 ἦ
672 1679 755 1731 μὰν
776 1677 1069 1734 ἀμφοτέροισιν
1092 1676 1202 1731 (Jovi
1224 1684 1265 1717 et
1286 1677 1502 1734 Neptuno)
1527 1676 1628 1730 ὁμὸν
1649 1682 1760 1729 γένος
1781 1677 1846 1733 ἧδ’
1877 1681 1921 1719 ἴα
1948 1679 2103 1734 πάτρη,
2138 1678 2239 1721 ἀλλὰ
2262 1682 2356 1728 Ζεὺς

186 1743 380 1798 πρότερος
410 1742 560 1794 γεγόνει
590 1748 657 1782 καὶ
688 1744 859 1783 πλείονα
887 1741 971 1801 ᾔδη.
1020 1742 1066 1782 Il.
1095 1742 1200 1782 XIV.
1227 1743 1310 1781 111
1346 1742 1568 1782 Diomedes
1600 1742 1750 1796 aliquid
1781 1744 1934 1783 consilii
1965 1745 2259 1799 propositurus:
2291 1750 2357 1785 καὶ

184 1807 275 1862 μήτι
296 1807 398 1860 κότῳ
421 1806 633 1860 ἀγάσησθε
655 1805 844 1855 ἕκαστος,
879 1807 1023 1847 οὕνεκα
1046 1807 1091 1859 δὴ
1112 1810 1270 1863 γενεῇφι
1292 1805 1489 1851 νεώτατός
1512 1808 1591 1856 εἶμι
1615 1806 1707 1857 μεθ’
1731 1806 1826 1857 ὖμΐν
1848 1816 1889 1847 et
1921 1810 1953 1847 si
1975 1824 2052 1861 qua
2083 1810 2121 1847 in
2146 1809 2354 1862 juvenibus

186 1877 268 1923 est,
302 1885 392 1912 cum
423 1869 687 1912 admiratione
715 1877 903 1925 tanquam
933 1870 1202 1924 inexspectata
1224 1883 1287 1910 res
1316 1868 1503 1911 laudatur
1534 1868 1613 1910 Od.
1643 1870 1733 1911 VII.
1766 1871 1856 1912 292
1890 1870 1941 1912 de
1970 1872 2168 1913 Nausicaa
2199 1872 2355 1914 Ulixes:

185 1933 267 1989 ἧδ’
288 1933 374 1976 οὔτι
397 1934 593 1988 νοήματος
620 1933 815 1989 ἤμβροτεν
844 1935 1021 1982 ἐσθλοῦ,
1054 1932 1104 1979 ὥς
1132 1931 1200 1973 οὐκ
1228 1932 1280 1973 ἂν
1309 1933 1451 1974 ἔλποιο
1483 1933 1680 1987 νεώτερον
1709 1926 1963 1976 ἀντιάσαντα
1992 1937 2151 1991 ἐρξέμεν
2178 1938 2255 1990 αιζεῑ
2282 1935 2356 1992 γάρ

184 2016 228 2040 τε
250 1999 436 2054 νεώτεροι
457 1998 749 2053 ἀφραδέουσιν,
771 1999 973 2039 Il.lX.58
996 2000 1145 2038 Nestor
1164 1997 1355 2037 Diomedi
1377 1998 1646 2038 adolescenti:
1679 1997 1702 2052 ἦ
1723 2000 1802 2052 μὴν
1825 2004 1911 2046 νέος
1928 2002 2034 2049 ἐσσὶ,
2057 2003 2148 2052 ἐμὸς
2169 2003 2212 2041 δέ
2232 2017 2273 2041 κε
2287 2008 2356 2042 καὶ

183 2070 281 2111 παΐς
301 2066 380 2118 εἴης
400 2062 624 2110 ὁπλότατος
643 2067 850 2122 γενεῇφιν·
873 2061 974 2117 ἇτάρ
996 2065 1231 2114 πεπνυμένα
1251 2061 1379 2115 βάζεις
1396 2060 1585 2118 Ἀργείων
1605 2065 1812 2116 βασιλῆας,
1830 2065 1918 2105 ἐπεὶ
1934 2066 2038 2105 κατὰ
2053 2072 2197 2118 μοῖραν
2213 2065 2355 2112 ἔειπες.

185 2128 343 2170 Eadem
366 2134 499 2169 autem
522 2128 716 2169 calliditas
747 2128 822 2169 ista
852 2127 1033 2168 laudibus
1055 2127 1240 2177 effertur,
1273 2127 1357 2167 sive
1389 2140 1439 2167 ex
1471 2127 1602 2168 verbis
1635 2128 1824 2183 effulget,
1858 2129 1941 2169 sive
1971 2130 2009 2170 in
2038 2128 2150 2170 factis
2179 2129 2355 2171 animad-

185 2194 364 2233 vertitur.
399 2193 637 2247 Quicunque
660 2193 803 2232 callide
825 2192 1018 2246 loquitur,
1051 2205 1140 2230 eum
1161 2191 1309 2230 bonum
1332 2205 1421 2230 esse
1444 2198 1611 2231 censent
1630 2214 1685 2220 —
1709 2192 1787 2231 Od.
1810 2193 1883 2232 XI.
1908 2194 1997 2233 367
2022 2194 2206 2233 Alcinous
2228 2194 2357 2234 Ulixi:

187 2255 218 2298 ὦ
235 2255 439 2306 Ὀδυσεῦ,
472 2258 518 2298 τὸ
539 2262 614 2309 μὲν
636 2255 723 2298 οἷῖτι
745 2255 785 2297 σ’
806 2257 991 2307 ἐΐσκομεν
1012 2255 1290 2308 εἰσορόωντες,
1323 2253 1535 2308 ἧπεροπῆά
1557 2254 1589 2295 τ’
1614 2257 1710 2307 ἔμεν
1731 2262 1796 2296 καὶ
1818 2258 2039 2299 ἐπίκλοπον
2060 2282 2119 2289 ——
2143 2265 2206 2298 σοὶ
2229 2257 2266 2297 δ’
2286 2260 2356 2299 ἔπι

187 2325 262 2375 μὲν
282 2322 416 2376 μορφὴ
438 2321 596 2370 ἐπέων,
631 2320 691 2362 ἔνι
714 2321 758 2362 δὲ
780 2323 922 2376 ([ρένες
942 2320 1109 2362 ἐσθλαί·
1141 2322 1276 2371 μῦθον
1297 2317 1353 2368 δ’,
1387 2317 1438 2366 ὡς
1468 2317 1526 2361 ὅτ’
1548 2318 1708 2369 ἀοιδὸς,
1740 2318 2016 2374 ἐπισταμένως
2042 2324 2246 2371 κατέλεξας
2278 2330 2356 2364 cet.

185 2385 238 2427 cf.
262 2385 339 2425 Od.
362 2386 430 2425 VI.
459 2387 545 2427 187
571 2407 630 2415 —
655 2399 705 2425 ex
735 2385 1000 2425 minutissimis
1028 2397 1307 2437 nonnunquam
1335 2384 1457 2424 rebus
1489 2383 1763 2438 conjecturam
1793 2384 1983 2426 facientes
2014 2386 2089 2426 Od.
2121 2386 2230 2427 VIII.
2263 2388 2356 2429 388

186 2450 338 2501 Ulixes,
359 2449 427 2489 ubi
446 2449 679 2490 Phaeacum
701 2455 808 2489 artes
830 2449 992 2489 miratus
1015 2453 1088 2499 est,
1109 2447 1296 2487 Alcinous
1318 2447 1440 2488 haec:
1473 2450 1635 2489 κέκλυτε
1654 2449 1841 2503 Φαιήκων
1861 2449 2040 2503 ἦνήτορες
2060 2448 2123 2502 ᾖδε
2146 2451 2355 2501 μέδοντες·

186 2512 209 2557 ὅ
230 2520 356 2565 ξεῖνος
375 2512 484 2566 μάλα
505 2531 574 2566 μοι
596 2514 721 2556 δοκέει
742 2516 995 2566 πεπνυμένος
1016 2513 1143 2559 dvm,-
1165 2510 1214 2553 cf.
1239 2511 1318 2553 Od.
1338 2512 1490 2554 XVIII.
1518 2514 1622 2554 124.
1656 2513 1832 2569 Propter
1852 2515 1966 2555 istam
1988 2514 2147 2569 quidem
2169 2516 2355 2557 virtutem

185 2593 303 2621 senes
333 2593 358 2619 a
382 2577 593 2633 Juvenibus
623 2578 791 2620 maxime
823 2578 1005 2619 coluntur
1033 2584 1074 2618 et
1105 2576 1324 2632 diliguntur
1352 2577 1398 2618 Il.
1429 2577 1461 2618 Ι.
1496 2579 1586 2618 259
1619 2579 1772 2620 Nestor
1800 2578 1939 2619 Achilli
1975 2586 2015 2619 et
2042 2581 2355 2635 Agamemnoni:

185 2642 287 2685 ἆλλά
316 2640 507 2685 πίθεσθ’·
551 2641 674 2697 ἄμφω
704 2644 746 2684 δὲ
775 2646 953 2697 νεωτέρω
984 2642 1104 2683 ἐστὸν
1133 2641 1255 2693 ἐμεῖο.
1302 2641 1348 2682 Il.
1371 2643 1457 2695 IX„
1474 2644 1562 2683 160
1587 2644 1834 2698 Agamemno
1865 2657 1888 2683 a
1917 2644 2061 2697 legatis
2083 2645 2225 2685 Achilli
2252 2645 2355 2687 haec

182 2708 286 2748 inter
316 2708 393 2748 alia
422 2706 600 2747 nunciari
631 2707 730 2748 vult:
769 2709 839 2747 καί
870 2722 940 2759 μοι
977 2703 1216 2760 ὑποστήτω,
1249 2705 1378 2747 ὅσσον
1413 2706 1694 2763 βασιλεύτερός
1723 2708 1826 2760 εἰμι,
1859 2704 1922 2762 ἧδ’
1956 2707 2085 2749 ὅσσον
2114 2713 2225 2768 γενεῇ
2255 2725 2355 2765 προ-

182 2776 413 2826 γενέστερος
434 2771 600 2823 εὔχομαι
622 2773 738 2812 εἶναι.
772 2771 850 2811 Od.
873 2771 1031 2811 XXHI.
1056 2772 1126 2810 24.
1162 2771 1269 2815 Quin
1291 2771 1410 2809 etiam
1433 2771 1701 2812 Telemachus
1731 2785 1867 2810 coram
1888 2772 2064 2812 Nestore
2095 2788 2191 2812 sene
2223 2775 2359 2814 statim

182 2837 341 2893 garrire
363 2844 525 2878 veretur
547 2834 625 2876 Od.
648 2836 716 2878 IV.
743 2836 843 2877 158.
885 2834 1001 2875 Adeo
1033 2840 1281 2876 senectutem
1309 2842 1518 2888 praestare
1543 2835 1739 2890 juventuti
1770 2843 1953 2887 censent,
1986 2844 2030 2877 ut
2052 2836 2130 2877 Od.
2161 2838 2237 2879 ΠΙ.
2263 2840 2356 2880 375

181 2901 401 2953 indicetur,
434 2901 577 2942 mirum
599 2914 702 2952 esse,
737 2898 845 2956 quod
867 2898 1046 2939 Minerva
1069 2897 1377 2951 Telemachum,
1410 2914 1648 2956 quamquam
1679 2899 1912 2941 adolescens
1935 2900 2005 2952 sit,
2037 2898 2168 2942 forma
2199 2904 2357 2959 aquilae

179 2966 318 3007 induta
340 2966 563 3007 comitetur.
595 2965 769 3006 Juvenes
792 2965 911 3006 etiam
932 2963 985 3004 ad
1006 2963 1203 3004 maleficia
1223 2963 1485 3018 procliviores
1508 2972 1618 3015 sunt;
1652 2964 1730 3005 Od.
1754 2965 1861 3005 XIV.
1891 2965 1978 3006 159
2001 2965 2208 3008 Eumaeus
2231 2969 2357 3010 Ulixi:

2039 3046 2104 3086 3*
