2578 3373
1263 261 1323 307 24

205 382 280 425 sed
310 380 567 423 redemtionis
596 379 790 435 pretium,
825 376 937 433 cujus
969 377 1176 420 dimidiam
1205 388 1360 435 partem
1389 379 1442 420 illi
1471 394 1516 419 se
1546 377 1731 419 daturum
1761 394 1851 419 esse
1883 395 1959 434 pro
1997 381 2146 421 ultione
2176 381 2390 435 pollicetur

203 448 250 489 Il.
273 446 420 488 XXIV.
447 445 551 485 592.
584 445 694 484 Hinc
716 443 986 497 intelligimus,
1008 443 1048 484 in
1072 445 1269 486 societate
1291 445 1461 485 humana
1481 441 1604 484 fuisse
1627 443 1901 485 indifferentes
1925 446 2099 486 omnium
2122 452 2242 500 atque
2257 445 2388 488 lentos

204 514 243 554 in
267 524 403 552 omnes
426 510 598 559 animos,
632 508 728 548 dum
751 507 882 562 aliqua
904 521 949 547 re
970 516 1219 549 momentum
1242 510 1474 558 afferretur,
1497 522 1576 562 quo
1599 508 1638 547 in
1663 508 1895 548 alterutram
1917 516 2073 563 partem
2092 510 2387 551 inclinarentur.

204 578 282 618 Ubi
304 577 475 628 pietate,
510 574 774 627 cognatione,
807 571 1001 612 affinitate
1023 574 1327 627 praeponderat
1349 574 1514 622 caritas,
1546 573 1736 626 propensi
1767 572 1884 612 animi
1916 580 2008 613 sunt
2039 574 2092 614 ad
2121 575 2324 615 beneficia
2346 581 2389 615 et

205 640 244 682 id
275 637 437 695 quidem
467 653 547 679 non
577 636 748 693 impulsu
778 633 967 687 fortuito,
1001 635 1074 677 sed
1114 644 1279 679 sanctae
1320 635 1523 693 cujusdam
1559 636 1661 692 legis
1700 636 1870 691 imperio
1904 636 2026 678 ducti.
2082 638 2162 680 Od.
2194 639 2261 680 IV.
2294 638 2386 680 649

204 705 400 745 Antinous
423 705 671 756 interrogat,
702 701 810 741 unde
831 715 974 741 navem
997 701 1268 742 Telemachus
1292 703 1514 756 acceperit,
1547 716 1625 755 qua
1656 702 1707 741 sit
1728 701 1945 755 profectus.
1978 701 2042 741 Ad
2071 703 2175 743 haec
2205 705 2387 744 Noemo:

203 766 323 814 αὐτὸς
352 766 453 807 ἑκών
486 767 528 807 οἵ
557 768 663 806 δῶκα
694 764 798 819 (non
829 765 867 802 vi
901 764 1090 820 coactus)
1129 770 1172 804 τί
1208 782 1276 806 κεν
1314 767 1436 819 ῥέξειε
1467 771 1532 804 καὶ
1562 763 1701 813 ἄλλος,
1735 763 1882 805 ὁππότ’
1916 763 2016 819 ἆνῆρ
2049 770 2252 815 τοιοῦτος,
2286 768 2388 817 ἔχων

201 832 454 886 μελεδήματα
475 834 616 884 θυμῷ,
651 832 801 888 αἰτίζῃς
833 829 1013 879 χαλεπόν
1044 846 1113 869 κεν
1134 828 1369 882 ἇνήνασθαι
1403 829 1518 871 δόσιν
1546 833 1616 883 εἴη.
1658 829 1737 870 Od.
1759 830 1871 870 VIII.
1896 831 2001 870 540.
2033 831 2143 871 XIV.
2176 832 2250 872 53.
2282 832 2388 873 389.

203 896 283 937 0d.
306 895 413 936 XVI.
438 896 526 935 401
553 900 719 950 gentem
741 894 897 948 regiam
920 894 1151 934 interficere
1175 895 1225 934 ab
1249 895 1514 949 Amphinomo
1537 894 1804 948 turpissimum
1827 908 1916 934 esse
1939 894 2097 945 dicitur,
2131 895 2224 949 quia
2247 903 2389 937 contra

202 963 394 1015 pietatem
417 960 457 999 id
481 966 579 999 erat.
613 960 695 998 Ubi
719 959 846 1007 bello,
878 958 1029 1011 injuriis
1051 966 1146 997 ante
1168 958 1285 998 factis
1310 982 1368 988 —
1395 959 1474 999 Od.
1497 960 1612 999 XIII.
1638 960 1725 998 267
1752 957 1802 998 cf.
1825 974 1861 998 v.
1887 960 1990 998 261.
2017 959 2097 999 Od.
2120 959 2257 999 XXII.
2279 963 2388 1010 477,

202 1025 248 1065 Il.
272 1025 338 1065 VI.
365 1024 454 1064 285
479 1024 640 1064 Hector
669 1021 721 1062 de
743 1021 991 1061 Alexandro:
1027 1023 1064 1062 εἰ
1089 1021 1224 1062 κεῖνόν
1256 1039 1299 1073 γε
1329 1022 1453 1075 ἴδοιμι
1474 1020 1703 1064 κατελθόντ’
1725 1020 1860 1068 ’Ἀίδος
1891 1024 2009 1071 εἴσω,
2043 1026 2170 1076 φαίην
2199 1038 2243 1063 κε
2273 1021 2387 1077 φρέν’

203 1088 381 1142 ἀτέρπου
405 1086 532 1136 ὀϊζύος
553 1088 877 1134 ἐκλελαθέσθαι,
901 1110 962 1117 -
986 1086 1046 1125 vel
1068 1086 1276 1139 privatim,
1310 1087 1373 1126 vel
1395 1086 1574 1140 publice,
1596 1086 1893 1141 praeponderat
1914 1086 2071 1137 odium,
2094 1087 2290 1128 maleficia
2306 1101 2386 1127 non

204 1153 333 1193 solum
355 1152 463 1192 licita
486 1158 599 1201 sunt,
633 1150 705 1191 sed
729 1150 1017 1191 consuetudine
1050 1157 1090 1190 et
1120 1150 1215 1204 lege
1244 1151 1453 1203 imperata.
1503 1151 1644 1204 Itaque
1673 1152 1712 1191 in
1742 1151 1854 1191 bellis
1883 1151 2110 1205 pugnisque
2138 1152 2387 1204 potissimum

206 1217 384 1258 inaudita
415 1216 484 1271 agi
516 1215 755 1257 crudelitate
785 1214 1132 1269 acerbissimisque
1165 1214 1343 1255 dicteriis
1385 1212 1561 1255 vide'mus
1595 1214 1639 1256 Il.
1669 1215 1804 1256 XXII.
1837 1215 1940 1256 346.
1976 1214 2081 1256 375.
2123 1214 2279 1257 XXIII.
2314 1215 2388 1256 21.

206 1281 356 1323 XXIV.
381 1282 485 1321 212.
519 1280 610 1320 Nec
633 1281 683 1319 ab
708 1293 757 1320 eo
781 1279 927 1328 solum,
951 1279 1018 1334 qui
1041 1280 1126 1333 ipse
1149 1277 1246 1318 fecit
1267 1277 1471 1333 injuriam,
1503 1279 1576 1319 sed
1606 1294 1629 1319 a
1659 1280 1829 1334 posteris
1857 1280 1976 1319 etiam
2008 1279 2093 1335 ejus
2127 1280 2389 1335 gravissimae

205 1360 362 1403 poenae
385 1352 641 1400 expetuntur.
675 1344 720 1384 Il.
743 1344 816 1384 XI.
844 1345 930 1383 142
955 1344 1026 1383 has
1050 1346 1300 1399 Agamemno
1325 1345 1478 1398 expetit
1499 1345 1549 1383 ab
1573 1345 1764 1383 ambobus
1781 1345 2001 1383 Antimachi
2020 1345 2123 1394 filiis,
2147 1345 2255 1400 quod
2273 1339 2390 1400 pater

206 1425 348 1450 eorum
371 1411 584 1462 aliquando
608 1411 648 1447 in
681 1408 951 1461 Trojanorum
982 1410 1178 1447 concione
1211 1409 1426 1457 suasisset,
1459 1416 1503 1447 ut
1533 1409 1738 1447 Menelaus
1769 1410 2074 1449 interficeretur.
2122 1410 2388 1449 Pristinorum

207 1490 305 1515 vero
328 1475 620 1514 beneficiorum
641 1472 892 1523 recordatio,
926 1488 1046 1527 quum
1070 1471 1240 1522 exstitit,
1274 1472 1314 1512 in
1346 1472 1434 1526 ipso
1467 1471 1572 1512 bello
1603 1472 1705 1513 haec
1736 1472 1822 1527 plus
1851 1472 1976 1524 valet,
2011 1489 2127 1528 quam
2155 1482 2390 1528 praesentes

208 1536 438 1580 discordiae
469 1536 514 1579 Il.
545 1536 612 1579 VI.
647 1536 750 1578 232.
803 1535 921 1577 Aliud
960 1536 1136 1577 caritatis
1165 1535 1364 1576 vinculum
1399 1534 1667 1592 jungebatur,
1707 1549 1828 1592 quum
1866 1537 1973 1592 quiS,
2016 1537 2146 1593 aliqua
2176 1538 2227 1579 de
2268 1550 2390 1579 causa

209 1603 344 1651 exsul,
384 1603 546 1641 alterius
583 1601 826 1655 praesidium
865 1608 1093 1654 rogaverat.
1148 1602 1211 1640 Ita
1246 1602 1447 1640 commissi
1490 1600 1678 1640 facinoris
1719 1615 1798 1640 non
1836 1602 1970 1641 habita
1998 1603 2152 1641 ratione
2190 1603 2390 1656 supplices

208 1668 386 1721 benigne
412 1666 732 1719 excipiebantur,
766 1664 982 1706 dummodo
1007 1681 1097 1706 eum
1120 1680 1200 1705 non
1223 1664 1454 1717 laesissent,
1488 1662 1600 1719 quus
1631 1664 1816 1706 auxilium
1849 1664 2166 1720 imploraverant.
2199 1665 2279 1707 Od.
2300 1666 2388 1707 XV.

212 1731 318 1773 280.
350 1730 460 1771 XIV.
485 1730 589 1772 381.

1181 1851 1242 1905 C.
1278 1851 1402 1903 XX.

339 1982 430 2021 Jam
452 1980 677 2031 videamus,
702 1994 805 2035 quae
827 1980 1035 2034 praeclara
1058 1981 1232 2020 caritatis
1256 1980 1439 2034 exempla
1461 1979 1570 2034 apud
1591 1981 1817 2020 Homerum
1839 1981 2091 2034 reperiantur
2112 1995 2263 2032 eorum,
2285 1982 2389 2022 inter

212 2060 312 2100 quos
336 2046 468 2099 aliqua
490 2045 746 2084 necessitudo
769 2044 1057 2084 intercedebat.
1089 2047 1148 2084 Ac
1170 2046 1341 2098 primum
1363 2044 1526 2099 quidem
1548 2045 1741 2098 singulari
1771 2046 1926 2098 patriae
1957 2060 2094 2085 amore
2123 2046 2303 2086 homines
2333 2046 2386 2085 illi

211 2109 430 2157 excellunt,
466 2125 545 2163 qua
566 2108 661 2149 nihil
688 2108 863 2158 dulcius,
896 2108 988 2148 nihil
1012 2108 1242 2162 optabilius,
1266 2109 1360 2150 nihil
1383 2123 1535 2149 summa
1568 2109 1843 2150 aestimatione
1865 2108 2021 2164 dignius
2043 2109 2228 2152 habuisse
2249 2109 2385 2152 viden-

209 2182 284 2216 tur.
320 2173 401 2215 Od.
424 2173 498 2215 IX.
525 2174 582 2215 27
608 2172 745 2215 Ulixes
767 2172 1040 2213 Phaeacibus:
1075 2170 1185 2215 οἰῖτοι
1208 2173 1328 2227 ἔγωγε
1361 2170 1403 2227 ἧς
1423 2176 1534 2227 γαίης
1563 2171 1735 2226 δύναμαι
1767 2173 2052 2230 γλυκερώτερον
2080 2172 2177 2217 ἄλλο
2206 2175 2384 2218 ἰδέσθαι.

209 2240 322 2280 Idem
345 2254 382 2279 v.
408 2240 490 2279 34:
525 2240 575 2284 ὣς
598 2237 716 2279 οὐδὲν
737 2238 895 2289 γλύκιον
916 2235 957 2290 ἧς
979 2240 1169 2292 πατρίδος
1191 2240 1283 2280 οὐδὲ
1306 2238 1459 2291 τοκήων
1480 2242 1676 2288 γίγνεται,
1711 2242 1824 2291 εἴπερ
1853 2244 1922 2278 καί
1946 2256 2003 2285 τις
2024 2238 2237 2294 ἀπόπροθι
2258 2245 2384 2281 πίονα

208 2307 318 2345 οἶκον
339 2308 431 2360 γαίῃ
454 2304 500 2343 ἐν
522 2302 733 2357 άλλοδαπῇ
756 2306 860 2342 ναίει
883 2299 1038 2341 ἇπάνει
1044 2308 1092 2341 ’νε
1114 2302 1287 2355 τοκήωνε
1321 2301 1371 2342 cs.
1397 2301 1475 2341 Od.
1499 2302 1585 2342 XV.
1611 2302 1714 2342 343.
1748 2302 1834 2342 VII.
1860 2305 1961 2344 242.
1988 2305 2061 2344 IX.
2091 2306 2191 2345 102.
2223 2304 2385 2345 Deinde

209 2367 401 2409 carissimi
425 2373 541 2408 erant
562 2365 795 2442 parentibus
818 2365 933 2406 liberi
953 2389 1009 2396 —
1028 2365 1229 2407 Eumaeus
1253 2365 1331 2408 Od.
1349 2366 1459 2408 xvi.
1481 2365 1567 2407 143
1588 2365 1829 2408 Telemacho
1853 2366 1904 2409 de
1925 2366 2076 2410 Βοὲηο
2098 2383 2173 2411 avo
2196 2374 2384 2424 nepotem

208 2431 482 2473 desiderante:
523 2428 655 2485 αὐτὰρ
688 2433 783 2479 νῦν,
817 2430 859 2479 ἐξ
889 2426 935 2470 οὗ
967 2442 1059 2480 σιγε
1090 2428 1188 2480 ὦχεο
1221 2433 1286 2484 νηὶ
1313 2430 1518 2479 Πύλονδε,
1552 2427 1663 2470 οἷ’πω
1693 2435 1762 2483 μίν
1782 2444 1911 2485 φασιν
1941 2435 2120 2486 φαγέμεν
2147 2438 2213 2474 καὶ
2241 2436 2386 2486 πιέμεν

205 2496 358 2545 αὕτως,
382 2494 467 2536 οὔδ’
489 2496 595 2536 ἐπί’
582 2497 678 2548 ε’ργα
700 2495 803 2534 ἰδεῖν
823 2492 925 2533 ἆλλά
949 2497 1124 2548 στοναχῇ
1145 2510 1188 2535 τε
1210 2494 1288 2547 γόῳ
1305 2510 1349 2534 τε
1371 2491 1489 2546 ἧσται
1511 2492 1760 2546 ὀδυρόμενος,
1794 2496 1991 2548 φθινύθει
2014 2496 2055 2537 δ’
2088 2496 2188 2551 ἄμφ’
2216 2496 2385 2551 ὀστεόφι

204 2559 318 2616 χρώς.
364 2558 443 2601 Od.
467 2559 534 2601 IV.
561 2558 665 2600 703.
691 2558 796 2601 789.
830 2557 903 2598 XI.
930 2557 1034 2598 201.
1057 2556 1165 2598 XVI.
1192 2558 1292 2599 192.
1326 2557 1456 2599 XVII.
1486 2557 1545 2600 38
1574 2557 1626 2599 de
1654 2558 1881 2615 Penelope:
1923 2557 2026 2615 ἇμφὶ
2055 2561 2098 2604 δὲ
2129 2560 2247 2603 παιδὶ
2277 2562 2382 2617 φίλῳ

203 2624 301 2678 βάλε
331 2624 455 2679 πήχεε
484 2623 743 2678 δακρύσασα·
784 2621 910 2663 κύσσε
941 2622 987 2662 δέ
1018 2636 1089 2672 μιν
1118 2621 1295 2674 κεφαλήν
1323 2637 1367 2662 τε
1387 2627 1454 2661 καὶ
1484 2620 1603 2675 ἄμφω
1636 2623 1743 2675 φάεα
1773 2626 1904 2673 καλὰ,
1945 2629 2015 2666 καί
2041 2625 2076 2680 ῥ’
2107 2623 2382 2680 ὀλοφυρομένη

206 2691 307 2731 ἔπεα
337 2688 561 2743 πτερόεντα
592 2687 797 2742 προςηύδα
819 2710 882 2717 -
907 2687 1042 2726 liberis
1064 2693 1274 2740 parentes,
1296 2709 1357 2716 —
1380 2686 1457 2727 Od.
1481 2687 1526 2727 V.
1551 2688 1660 2728 394:
1699 2687 1750 2735 ὥς
1780 2688 1818 2730 δ’
1852 2688 1908 2730 ὅτ’
1939 2689 1992 2731 ἂν
2021 2688 2226 2736 ἀσπάσιος
2252 2694 2383 2743 βίοτος

209 2755 399 2795 παίδεσσι
422 2752 556 2811 φανήῃ
578 2753 754 2806 πατρὸς,
788 2750 832 2798 ὃς
852 2751 899 2793 ἕν
922 2749 1055 2804 νούσῳ
1077 2756 1225 2799 κεῖται,
1257 2748 1409 2805 κρατέρ’
1431 2749 1554 2802 ἄλγεα
1575 2751 1744 2804 πάσχων
1765 2760 1842 2795 cet.
1866 2752 1916 2796 cf.
1940 2754 2019 2796 Od.
2042 2754 2135 2796 XX.
2164 2754 2269 2797 339.
2290 2755 2381 2798 VH.

212 2819 236 2856 7
243 2819 282 2857 0.
305 2818 377 2859 XI.
403 2818 493 2858 210
515 2841 572 2848 —-
592 2817 729 2857 amicis
753 2816 884 2856 amici.
910 2837 970 2846 -·
996 2813 1074 2855 Od.
1098 2815 1166 2855 IV.
1193 2815 1249 2854 97
1271 2815 1482 2856 Menelaus
1506 2815 1724 2859 demortuis
1748 2818 1910 2859 amicis:
1943 2816 2001 2861 ὦν
2023 2816 2173 2872 ὄφελον
2192 2818 2382 2875 τριτάτην

209 2897 286 2936 περ
310 2883 409 2931 ἔχων
429 2884 475 2924 ἐν
497 2882 654 2934 δώμασι
674 2887 824 2936 μοῖραν
841 2879 1094 2936 (divitiarum
1118 2879 1291 2920 omnium
1314 2887 1354 2921 et
1375 2881 1592 2938 bonorum)
1617 2887 1758 2935 ναίειν,
1792 2882 1834 2925 οἱ
1853 2882 1891 2924 δ’
1921 2882 2064 2938 ἄνδρες
2086 2882 2175 2926 σόοι
2197 2885 2380 2938 ἔμμεναι,

209 2946 252 2988 οἱ
277 2945 357 2987 τότ’
387 2946 526 2988 ὄλοντο
560 2948 681 3005 Τροίῃ
716 2947 761 2988 ἐν
791 2944 933 3001 εὐρείη.
968 2944 1049 2986 Od.
1072 2944 1182 2985 VIII.
1207 2945 1296 2986 585
1327 2946 1534 2986 Alcinous:
1565 2947 1656 2988 ἐπεὶ
1685 2945 1732 2989 οὖ
1760 2950 1836 3000 μέν
1865 2964 1904 2988 τι
1933 2946 2187 3004 κασιγνήτοιο
2215 2953 2381 3006 χερείων
