2578 3373
1004 323 1188 328 —-
1267 295 1299 340 9

1201 419 1265 473 O.
1299 419 1368 471 X.

330 539 505 588 Contra,
538 538 644 593 quod
667 553 814 594 corpus
837 536 1042 594 quoddam
1063 538 1170 578 nacti
1191 545 1357 579 naturae
1379 538 1576 580 humanae
1597 545 1755 592 partem
1778 537 1833 578 dii
1855 547 2067 594 ceperunt,
2100 542 2206 583 inter
2227 558 2272 583 se
2294 558 2373 585 non

203 618 321 660 pares
343 610 445 645 sunt.
479 604 606 658 Regis
628 604 752 645 instar
773 604 878 644 enim
898 602 1059 656 Jupiter
1087 616 1187 655 prae
1209 604 1353 643 ceteris
1376 604 1535 643 eminet.
1575 602 1689 642 Jovis
1719 609 1852 642 autem
1883 618 2052 658 regnum
2083 606 2375 663 imperiumque

203 682 368 723 prorsus
390 667 483 708 talia
505 674 614 719 sunt,
648 668 778 723 qualia
799 668 905 708 inter
925 666 1118 706 homines.
1150 666 1192 706 Is
1214 667 1338 721 igitur
1358 667 1532 707 omnium
1554 666 1852 721 potentissimus
1875 675 1936 708 est
1965 667 2012 709 11.
2042 669 2117 710 III.
2149 671 2261 712 320:
2296 674 2376 714 zer·

203 732 357 786 πάτερ,
387 730 538 786 ’Ίδηδεν
564 732 740 784 μεδέων,
781 730 965 779 κύδιστε,
1006 733 1190 782 μέγιστα
1232 731 1344 771 351:
1393 733 1472 772 Ζεῦ
1500 729 1606 779 ἄνα,
1651 729 1730 771 Od.
1762 731 1794 771 I.
1829 731 1911 772 81:
1960 733 2179 787 Κρονίδης,
2220 736 2375 785 ὕπατος

202 795 439 849 κρειόντων,
474 796 578 837 387.
602 796 705 837 390.
739 796 784 837 Il.
814 796 929 837 XIX.
964 795 1068 835 273.
1109 793 1155 834 Il.
1178 794 1270 835 XX.
1296 796 1399 836 242.
1439 795 1485 836 Π.
1508 794 1645 836 XXII.
1670 795 1775 836 403.
1808 795 1854 836 Il.
1887 795 1997 837 VHI.
2035 799 2113 838 17:
2155 801 2232 852 εἰμὶ
2260 805 2373 844 θεῶν

203 861 412 915 κάρτιστος
433 860 639 902 ἁπάντων.
675 863 726 902 Εἰ
745 859 782 901 δ’
803 859 896 913 ἄγε,
930 857 1202 914 πειρήσασθε,
1234 864 1348 909 θεοὶ,
1381 861 1516 914 σειρὴν
1544 864 1735 914 χρυσείην
1763 860 1804 909 ἐξ
1834 858 2060 914 οὐρανόθεν
2086 864 2370 916 κρεμάσαντες,

204 925 352 972 πάντες
373 925 408 965 δ’
428 925 677 976 ἐξάπτεσθαι
699 930 792 967 θεοὶ
808 928 946 966 πᾶσαί
963 938 1008 965 τε
1027 926 1217 965 θέαιναι·
1249 921 1333 965 ἀλλ’
1356 922 1425 965 οὐκ
1446 923 1498 965 ἄν
1518 921 1696 978 ἐρύσαιτ’
1728 924 1769 973 ἔξ
1798 921 2025 979 οὐρανόθεν
2053 929 2242 971 πεδίονδε
2263 930 2370 985 Ζῆν’,

204 990 360 1030 ὕπατον
380 988 583 1044 μήστωρ’,
617 988 701 1031 οὐδ’
718 991 756 1030 εἰ
773 989 884 1041 μάλα
906 988 1039 1029 πολλὰ
1058 987 1245 1039 κάμοιτε,
1277 988 1383 1028 idem
1404 988 1731 1042 sapientissimuS,
1760 992 1941 1041 μητίετα,
1973 990 2132 1045 μήστωρ
2163 991 2368 1038 ἁπάντων,

204 1053 321 1109 Apud
352 1054 522 1096 eundem
552 1054 658 1094 dolia
688 1062 779 1094 sunt
808 1053 906 1093 duo.
951 1051 1059 1092 unde
1087 1066 1179 1092 suas
1214 1053 1357 1107 cuique
1387 1053 1614 1093 commistas
1656 1053 1752 1092 atris
1790 1052 1936 1094 hilares
1976 1055 2207 1109 dispertitur
2239 1067 2369 1101 sortes

204 1119 249 1160 Il.
280 1119 428 1160 XXIV.
461 1120 573 1169 527,
607 1125 648 1159 et
680 1117 779 1159 libra
810 1118 855 1159 Il.
885 1116 1022 1159 XXII.
1057 1116 1168 1167 209,
1203 1131 1279 1171 qua
1310 1117 1440 1157 omnia
1468 1118 1573 1158 bene
1603 1116 1890 1171 ponderantur.
1925 1117 2014 1171 (De
2035 1128 2119 1161 tota
2140 1123 2250 1163 Jovis
2271 1140 2371 1179 prae

205 1184 350 1225 ceteris
373 1184 550 1238 potentia
573 1181 622 1223 cf.
645 1183 912 1237 Malkowsky:
946 1180 998 1221 de
1018 1181 1140 1232 Jove,
1174 1181 1298 1236 qualis
1321 1182 1371 1222 sit
1392 1181 1498 1236 apud
1519 1182 1760 1222 Homerum.
1792 1181 2145 1226 Deutsch-Crone
2181 1188 2298 1231 1838
2330 1201 2371 1231 et

204 1248 348 1302 Lange
370 1248 394 1288 l.
417 1248 440 1288 l.
463 1262 557 1301 pag.
585 1247 711 1302 100.)
752 1246 867 1286 Idem
897 1253 1031 1285 tamen
1068 1252 1295 1285 ceterorum
1324 1246 1487 1285 consilio
1518 1246 1687 1286 deorum
1717 1246 1883 1286 multum
1914 1248 2061 1289 tribuit.
2103 1250 2158 1290 Ut
2185 1251 2231 1292 Il.
2261 1254 2368 1295 XVI.

206 1312 296 1354 443
323 1310 398 1366 (cf.
421 1312 466 1353 Il.
489 1311 534 1353 V.
561 1311 675 1368 715)
709 1325 831 1366 quum
863 1315 972 1351 esset
999 1309 1239 1364 periculum,
1271 1325 1322 1351 ne
1344 1310 1528 1364 Sarpedo
1561 1310 1664 1350 filius
1694 1325 1718 1349 a
1748 1311 1941 1351 Patroclo
1974 1314 2230 1366 caederetur,
2272 1333 2367 1371 pau-

205 1377 327 1430 lisper
347 1376 521 1416 incertus
544 1381 652 1424 erat,
685 1381 819 1414 utrum
842 1388 934 1414 eum
955 1380 1156 1424 servaret,
1187 1387 1262 1414 nec
1283 1388 1354 1424 ne,
1387 1373 1518 1414 donec
1540 1373 1642 1415 haec
1663 1374 1793 1414 Juno:
1828 1373 1927 1429 ἔρδἿ
1958 1373 2060 1431 άτὰρ
2083 1375 2191 1419 οὗτοι
2221 1381 2371 1429 πάντες

182 1441 445 1491 «ἐπαινέομεν
472 1444 566 1480 θεοὶ
594 1437 720 1479 ἄλλοι.
754 1438 930 1492 φράζεο,
961 1437 1073 1490 μῆτις
1093 1438 1232 1478 ἔπειτα
1262 1442 1372 1478 θεῶν
1401 1439 1566 1490 ἐθέλησι
1596 1443 1662 1478 καὶ
1700 1436 1820 1485 ἄλλος
1854 1442 2030 1491 πέμπειν
2060 1441 2107 1482 ὃν
2136 1444 2255 1496 φίλον
2280 1446 2369 1489 υἱὸν

205 1502 288 1546 dub
319 1507 506 1558 κρατερῆς
533 1501 709 1556 ὑσμίνης.
751 1502 797 1543 ΙΙ.
825 1502 934 1543 XVI.
967 1503 1082 1542 402:
1120 1505 1259 1556 πρῶτα
1296 1505 1407 1543 θεῶν
1428 1502 1633 1555 εἰρώμεθα
1662 1503 1820 1554 βουλάς.
1871 1503 1934 1544 Cf.
1966 1505 2044 1545 Od.
2076 1507 2122 1547 V.
2157 1508 2368 1550 30—42.
2409 1542 2417 1556 ,

206 1568 250 1608 ΙΙ.
273 1568 345 1608 ΧΙ.
371 1569 474 1608 276.
516 1567 635 1607 Nulla
666 1567 851 1607 virtutum
882 1566 1060 1617 illarum,
1099 1580 1194 1622 quas
1224 1566 1396 1606 omnium
1426 1565 1595 1606 deorum
1627 1581 1716 1607 esse
1747 1581 1869 1622 supra
1900 1567 2087 1621 diximus,
2125 1571 2215 1612 Jovi
2245 1573 2370 1626 deest,

206 1647 335 1687 neque
356 1640 488 1672 tamen
511 1639 714 1686 superest,
747 1632 802 1671 ita
823 1639 888 1682 ut,
921 1632 954 1670 si
977 1631 1029 1671 de
1051 1632 1224 1671 moribus
1251 1631 1476 1686 quaeritur,
1508 1632 1619 1671 Jovis
1649 1631 1796 1672 nullam
1828 1647 1918 1673 esse
1946 1648 2044 1688 prae
2078 1637 2223 1677 ceteris
2254 1653 2367 1694 prae-

207 1698 387 1739 stantiam
411 1712 498 1752 cap.
520 1697 593 1737 IX.
616 1703 754 1737 nostro
770 1694 865 1751 jure
888 1696 1034 1737 dixisse
1056 1697 1168 1737 nobis
1189 1695 1404 1737 videamur.
1439 1697 1571 1742 Quam
1595 1698 1646 1736 ob
1668 1712 1756 1744 rem
1779 1698 1818 1737 in
1841 1698 1919 1739 hoc
1948 1699 2079 1740 libello
2110 1703 2266 1756 saepius
2295 1720 2368 1758 pro

208 1763 398 1802 universis
421 1762 495 1802 diis
515 1762 627 1802 Jovis
649 1762 809 1801 nomine
833 1762 888 1801 uti
910 1761 1065 1812 licebit,
1099 1761 1280 1816 quoniam
1302 1761 1410 1800 circa
1432 1775 1567 1800 mores
1591 1776 1712 1801 causa
1735 1769 1931 1804 versatur.

333 1827 489 1881 Jupiter
510 1826 654 1881 igitur,
687 1825 856 1866 deorum
877 1826 1195 1880 potentissimus,
1225 1826 1343 1865 rebus
1372 1825 1555 1865 omnibus
1586 1825 1727 1866 divinis
1758 1826 2019 1882 humanisque
2049 1830 2297 1883 moderatur,
2331 1843 2371 1874 et

209 1891 250 1931 id
272 1891 429 1946 quidem
451 1889 668 1930 secundum
692 1897 844 1930 certam
866 1890 1021 1946 legem,
1044 1905 1167 1945 quae,
1190 1889 1263 1930 etsi
1284 1904 1364 1930 non
1386 1904 1503 1940 vera,
1526 1904 1645 1944 quam
1667 1904 1740 1931 nos
1763 1890 1954 1943 dicimus,
1982 1893 2113 1935 ethica
2135 1897 2370 1949 continetur,

207 1957 248 1996 in
270 1970 401 1996 mores
422 1963 554 1996 tamen
576 1954 768 1995 humanos
790 1969 979 2009 magnam
1001 1955 1078 1994 vim
1099 1955 1218 1994 habet
1247 1961 1288 1993 et
1316 1954 1610 1995 auctoritatem.
1651 1956 1771 1996 Haec
1802 1964 1935 1997 autem
1964 1958 2029 1998 lex
2060 1960 2266 2013 aequitatis
2296 1969 2370 2011 est,

209 2035 326 2074 quarn
349 2034 372 2059 a
393 2020 498 2060 Fato
530 2032 671 2058 severo
704 2018 756 2057 ad
786 2019 1005 2073 benignum
1033 2020 1174 2059 Jovem
1205 2017 1421 2071 cogitando
1450 2017 1631 2058 homines
1659 2020 1907 2060 transtulisse
1938 2021 2131 2063 videntur.
2172 2024 2253 2064 Sed
2284 2025 2370 2079 ipsa

209 2085 285 2125 hac
307 2083 505 2139 aequitate
527 2096 605 2122 non
627 2089 706 2123 tam
731 2082 884 2123 interna
916 2097 1049 2124 rerum
1078 2082 1334 2123 humanarum
1365 2081 1543 2122 conditio
1576 2091 1782 2134 censetur,
1816 2100 1934 2139 quam
1969 2094 2131 2127 externa
2162 2088 2372 2141 quaedam,

210 2149 366 2203 qualem
388 2163 436 2188 ex
457 2154 623 2187 naturae
652 2147 988 2201 contemplatione
1019 2147 1267 2202 percipimus
1308 2146 1354 2185 In
1386 2146 1473 2199 ipsa
1503 2147 1609 2187 enim
1639 2162 1774 2195 rerum
1803 2156 1945 2190 natura
1974 2150 2029 2191 ita
2058 2151 2251 2192 collocata
2281 2163 2374 2194 sunt

210 2213 342 2253 omnia
371 2220 490 2266 atque
519 2212 716 2260 instituta,
756 2217 801 2251 ut
831 2212 926 2251 nihil
956 2211 1082 2252 altero
1112 2210 1339 2259 collidatur,
1381 2217 1422 2250 et
1451 2217 1496 2250 ut
1526 2219 1620 2264 post
1648 2213 1838 2253 maximas
1870 2228 2003 2255 rerum
2040 2217 2372 2270 perturbationes.

210 2284 488 2332 tempestates,
527 2276 724 2326 turbines,
766 2275 833 2330 qui
871 2291 1149 2330 nonnunquam
1185 2273 1389 2324 accidunt,
1431 2276 1612 2329 aequitas
1642 2291 1736 2316 mox
1766 2286 1988 2332 reparetur.
2028 2280 2145 2320 Haec
2175 2282 2370 2335 quaedam

211 2342 410 2396 aequitas,
449 2348 494 2382 ut
519 2340 976 2395 ubique-conservetur,
1015 2340 1182 2380 maxima
1222 2346 1262 2379 et
1292 2346 1521 2379 ceterorum
1552 2339 1723 2382 deorum
1755 2349 1796 2383 et
1823 2343 1934 2383 Jovis
1964 2344 2138 2397 inprimis
2170 2359 2267 2386 cura
2298 2356 2371 2388 est.

211 2408 256 2449 Il.
277 2406 391 2448 XIX.
416 2407 528 2447 593:
567 2407 632 2446 ἐπὶ
665 2404 739 2458 γάρ
768 2420 830 2445 τοι
861 2404 1015 2459 ἑκάστῳ
1042 2410 1188 2458 μοῖραν
1216 2404 1367 2456 ἔθηκαν
1397 2401 1601 2446 ἀθάνατοι
1629 2409 1843 2459 θνητοῖσιν
1872 2408 1940 2448 ἐπὶ
1970 2409 2152 2462 ζείδωρον
2177 2408 2371 2465 ἄρουραν.

210 2474 436 2526 Propterea
466 2471 511 2511 Il.
534 2470 679 2511 XXIV.
712 2470 801 2508 527
834 2470 937 2510 δοιοὶ
966 2473 1083 2509 πίθοι
1113 2472 1369 2508 κατακείαται
1392 2468 1437 2508 ἐν
1465 2469 1559 2514 Διὸς
1588 2467 1697 2511 οἰῖδει
1727 2470 1888 2526 δώρων,
1922 2471 1988 2511 οἷα
2017 2472 2181 2523 δίδωσι,
2224 2480 2371 2526 κακῶν,

211 2540 343 2590 ἕτερος
364 2532 400 2576 δ’
419 2533 549 2583 ἐάων,
582 2542 623 2575 et
644 2532 719 2574 Od.
742 2532 829 2574 XV.
855 2534 966 2575 488:
999 2531 1090 2573 ἀλλ’
1113 2531 1197 2586 ἤτοι
1220 2538 1287 2573 σοὶ
1316 2537 1391 2583 μὲν
1420 2534 1535 2585 παρὰ
1565 2540 1633 2574 καὶ
1661 2540 1769 2588 κακῷ
1797 2537 1950 2576 ἐσθλὸν
1978 2537 2096 2589 ἔθηκε
2127 2538 2237 2584 Ζεύς.
2276 2539 2371 2580 Duo
2419 2562 2429 2575 .

212 2600 326 2642 simul
356 2599 418 2640 vel
447 2598 561 2653 plura
598 2599 703 2638 bona
739 2597 885 2638 nemini
925 2597 1159 2652 contingunt
1189 2595 1235 2637 Il.
1266 2594 1334 2637 IV.
1371 2596 1483 2637 320:
1533 2595 1618 2638 ἀλλ’
1660 2597 1784 2645 οἰῗτως
1819 2599 1903 2650 ἅμα
1941 2599 2078 2640 πάντα
2111 2606 2205 2643 θεοῖ
2242 2603 2373 2645 δόσαν

212 2664 506 2718 ἀνθρώποισιν.
540 2663 717 2703 Altemm
739 2663 1016 2712 committitur,
1049 2661 1216 2701 alterum
1238 2667 1458 2701 recusatur.
1492 2661 1548 2701 Ut
1568 2661 1736 2704 Peleum
1758 2663 1802 2703 Il.
1826 2663 1972 2705 XXIV.
1987 2665 2087 2705 -527
2113 2665 2166 2707 dii
2190 2668 2371 2710 omnibus

213 2730 373 2771 dotibus
396 2735 655 2779 ornaverant,
687 2727 757 2768 sed
778 2727 937 2767 unicum
959 2727 1080 2768 filium
1103 2726 1311 2767 dederant.
1346 2726 1424 2766 Od.
1447 2726 1556 2766 VIII.
1582 2728 1640 2768 63
1664 2727 1901 2767 Demodoco
1925 2729 2039 2769 Musa
2062 2745 2152 2770 cum
2187 2734 2372 2773 carmini·

211 2796 286 2836 bus
315 2794 549 2835 caecitatem
578 2791 766 2844 dederat,
807 2790 885 2831 Od.
916 2791 1026 2832 VIII.
1061 2791 1145 2831 167
1179 2790 1378 2847 Euryalus
1407 2789 1529 2830 nobili
1558 2792 1691 2847 figura
1721 2791 1922 2844 excelluit,
1962 2801 2094 2835 mente
2125 2796 2266 2838 caruit.
2309 2798 2372 2839 Ad

213 2859 382 2901 eandem
404 2858 612 2912 aequitatis
634 2857 768 2911 legem
789 2856 927 2896 Thetis
948 2857 1036 2908 ipsa
1057 2863 1252 2909 provocat
1282 2855 1327 2894 Il.
1350 2855 1499 2894 XVIII.
1534 2857 1618 2907 60,
1652 2870 1771 2909 quum
1801 2856 1853 2896 de
1884 2871 2003 2897 caeso
2033 2858 2227 2900 Patroclo
2259 2862 2374 2904 valde

213 2928 452 2979 quereretur
481 2920 670 2972 Achilles,
704 2936 794 2962 cum
823 2919 960 2961 dolore
990 2919 1175 2974 loquens:
1215 2934 1316 2970 „nec
1347 2918 1509 2959 domum
1538 2935 1647 2961 suam
1679 2919 1826 2961 redibit
1852 2921 1954 2961 filius
1977 2936 2110 2975 meus,
2143 2931 2206 2977 et,
2240 2927 2374 2981 quoad

212 2988 307 3029 solis
328 2988 458 3029 lucem
488 2986 703 3041 adspiciet,
736 2986 877 3026 dolore
905 2982 1148 3035 afficietur‚“
1180 2983 1240 3024 his
1272 2984 1401 3024 verbis
1430 2983 1681 3037 significans,
1713 2991 1862 3024 sortem
1892 2985 2012 3025 talem
2043 2994 2186 3028 contra
2218 3005 2373 3032 omnem

2061 3069 2087 3106 2
