2578 3373
1279 252 1337 296 18

218 390 285 425 se,
323 374 414 423 sed,
457 372 566 426 quod
597 373 636 412 in
668 388 717 412 ea
746 374 886 427 pietati
924 386 969 411 ac
1001 373 1144 412 rationi
1177 372 1406 422 conveniat,
1449 372 1636 425 quoniam
1668 372 1884 413 certiorem
1915 374 2063 414 habent
2093 373 2249 428 legem,
2284 372 2395 428 cujus

219 438 363 481 auxilio
394 436 680 492 praesidioque
712 451 910 493 nunquam
943 443 1099 487 carent,
1134 450 1332 491 quamque
1362 450 1442 477 non
1473 435 1644 477 humana
1682 443 1815 478 mente
1853 445 2075 492 repertam,
2108 437 2180 479 sed
2210 437 2396 480 divinitus

219 518 309 543 esse
332 502 466 540 datam
489 502 631 541 sciunt.
666 503 815 542 Parum
838 500 1018 576 profecto
1042 514 1146 539 nunc
1168 514 1241 539 nos
1266 500 1452 551 deceret,
1486 514 1606 555 quum
1627 501 1797 541 maxime
1819 502 1917 542 varii
1948 502 2025 544 sint
2055 502 2241 558 cultuque
2264 501 2395 542 diver-

219 566 359 607 sissimi
382 566 637 618 ingeniorum
661 567 793 614 modi,
816 567 912 604 sarii
936 565 1050 603 etiam
1074 565 1316 613 animorum,
1339 566 1591 604 institutionis
1614 572 1654 604 et
1677 565 1884 604 doctrinae
1906 567 2100 606 varietate
2122 566 2235 615 facti,
2259 579 2396 604 omnes

217 637 351 672 tamen
375 628 522 670 eodem
544 626 767 671 facinorum
789 628 908 670 modo
932 642 977 669 ac
1000 626 1155 668 ratione
1184 642 1273 669 esse
1297 633 1528 679 contentos,
1561 643 1634 682 pro
1658 627 1813 669 ratione
1842 636 1882 670 et
1903 628 2053 683 pietate
2084 630 2196 685 sequi
2228 645 2395 670 consue-

216 694 419 739 tudinem,
454 707 528 747 pro
552 693 632 733 Dei
658 708 756 734 voce
779 694 976 732 hominum
998 690 1277 732 samam.1m0
1301 707 1406 733 nunc
1430 692 1534 732 valet
1555 691 1667 732 illud.
1701 706 1779 748 quo
1804 693 1890 748 quis
1914 693 1964 734 sit
1986 693 2120 749 plures
2152 700 2192 735 et
2224 691 2396 749 majores

217 759 338 798 animi
361 757 572 797 facultates
596 767 759 807 nactus,
794 774 840 797 eo
864 759 975 811 plu1a
999 764 1037 795 et
1060 759 1353 809 praestantiora
1378 772 1469 796 eum
1492 757 1668 796 facinora
1699 764 1860 810 patrare
1894 764 1935 797 et
1963 759 2155 812 optimum
2186 771 2397 813 quemque,

217 822 361 865 relicto
384 821 496 877 vulgi
519 822 613 863 trito
638 822 800 872 itinere,
836 837 943 863 suam
967 821 1135 862 maxime
1159 821 1261 862 viam
1285 822 1398 877 sequi
1422 821 1583 864 debere.

305 920 308 922 .
348 887 432 927 Sed
454 888 530 926 ista
554 894 688 927 aetate
715 887 1037 927 consuetudinem
1060 886 1252 941 religiose
1276 887 1473 926 colebant:
1494 901 1541 927 ea
1559 901 1660 941 quae
1679 886 2071 938 commendabantur,
2093 901 2210 927 nemo
2232 886 2398 941 amplius

219 966 318 991 suae
342 952 581 1014 cogitationi
604 950 801 1006 subjicere
824 952 1048 999 videbatur,
1083 952 1232 1005 quippe
1264 950 1480 1004 majoribus
1503 952 1622 992 totius
1645 952 1812 992 nationis
1848 951 1992 991 viribus
2026 951 2269 1007 excogitata.
2305 951 2397 998 Quo

220 1017 325 1057 enim
356 1017 554 1056 minorem
585 1031 719 1056 rerum
750 1017 966 1056 divinarum
997 1016 1202 1055 scientiam
1235 1016 1561 1070 subtilioremque
1592 1017 1710 1056 divini
1747 1017 1913 1056 numinis
1953 1016 2254 1070 intelligentiam
2292 1017 2399 1056 nacti

219 1087 356 1131 erant,
392 1095 441 1120 eo
466 1081 597 1135 magis
621 1095 692 1131 ea,
726 1095 826 1135 quae
850 1081 970 1120 semel
994 1087 1346 1134 comparaverant,
1381 1088 1616 1120 cunctorum
1639 1087 1751 1120 erant
1773 1081 1957 1135 propria,
1989 1087 2032 1121 ut
2062 1095 2142 1120 non
2173 1087 2254 1120 tam
2288 1094 2398 1120 suam

219 1146 410 1199 quisque,
445 1160 564 1197 quam
596 1159 844 1184 communem
876 1146 1047 1183 omnium
1085 1145 1322 1183 sententiam
1354 1145 1392 1182 in
1423 1144 1584 1197 agendo
1623 1152 1809 1197 tanquam
1841 1145 1974 1198 legem
2005 1145 2115 1198 sequi
2159 1144 2398 1183 viderentur.

218 1209 329 1249 Hinc
353 1215 487 1247 autem
522 1215 666 1261 sponte
690 1209 961 1262 consequitur,
988 1208 1117 1262 gloria
1140 1205 1327 1261 famaque
1351 1207 1389 1246 in
1414 1209 1533 1247 rebus
1558 1208 1726 1262 agendis
1749 1223 1818 1248 eos
1841 1209 2086 1262 potissimum
2110 1208 2253 1249 ductos
2275 1206 2397 1248 fuisse

220 1287 405 1326 eamque,
430 1273 460 1310 si
484 1287 562 1310 non
587 1286 662 1324 pro
688 1273 938 1322 conscientia,
963 1280 1072 1310 certe
1090 1271 1205 1325 juxta
1229 1272 1516 1310 conscientiam
1541 1272 1647 1326 apud
1672 1286 1742 1311 eos
1765 1273 1944 1312 valuisse.
1979 1273 2115 1318 Quare
2137 1285 2214 1312 non
2233 1272 2393 1312 omnino

220 1335 350 1378 defuit
372 1344 485 1376 recte
508 1336 685 1390 bonique
709 1337 960 1387 conscientia,
996 1351 1098 1390 quae
1121 1343 1182 1376 est
1204 1336 1308 1376 inter
1328 1336 1547 1387 beneficia,
1582 1337 1686 1376 omni
1710 1336 1830 1376 aetati
1853 1336 2036 1376 divinitus
2069 1336 2182 1386 data,
2215 1336 2287 1376 sed
2310 1337 2402 1389 quia

221 1415 297 1456 pro
321 1406 495 1455 angusta
519 1400 689 1440 deorum
713 1401 940 1456 cognitione
963 1406 1131 1455 angusta
1155 1400 1275 1440 etiam
1299 1400 1543 1441 conscientia
1565 1398 1657 1451 fuit,
1692 1399 1765 1451 ita,
1798 1406 1842 1441 ut
1863 1413 1943 1441 non
1965 1400 2004 1441 in
2033 1399 2213 1440 omnibus
2237 1399 2401 1441 actioni-

220 1467 298 1505 bus
329 1466 517 1516 vitaeque
549 1465 706 1504 casibus
736 1465 912 1503 consulta
944 1465 1227 1516 responderet,
1270 1464 1377 1502 aliud
1407 1465 1511 1502 ultro
1554 1464 1728 1502 oblatum
1759 1471 1839 1513 est,
1882 1478 1961 1517 quo
2001 1465 2066 1502 illa
2105 1464 2400 1518 quodammodo

223 1527 492 1583 suppleretur.
525 1527 587 1569 Ita
610 1524 778 1579 factum,
801 1535 844 1570 ut
866 1527 943 1569 hoc
967 1544 1126 1582 quoque
1150 1528 1240 1569 loco
1258 1526 1373 1581 juxta
1396 1527 1646 1568 honestiores
1666 1528 1813 1582 agendi
1835 1528 2045 1581 impulsus,
2069 1544 2092 1567 a
2110 1529 2402 1581 praestantiore

223 1593 292 1634 illa
321 1592 490 1633 deorum
522 1599 665 1633 natura
693 1593 902 1647 repetitos,
935 1593 1061 1633 minus
1091 1593 1280 1633 honestos
1311 1591 1418 1647 apud
1448 1593 1672 1633 Homerum
1700 1591 1969 1647 reperiamus,
2004 1605 2172 1648 quorum
2202 1591 2402 1648 principes

224 1657 333 1698 fama
357 1665 397 1697 et
420 1658 550 1711 gloria
572 1657 778 1697 habentur.
812 1661 942 1711 Atque
966 1673 1013 1697 ea
1037 1658 1196 1711 quidem
1220 1658 1383 1710 partim,
1418 1671 1521 1710 quae
1544 1658 1582 1696 in
1605 1658 1799 1697 bonorum
1821 1664 1973 1697 tantum
1995 1657 2198 1697 hominum
2219 1656 2338 1697 laude
2361 1663 2402 1696 et

226 1721 519 1775 approbatione
542 1721 720 1760 innititur
744 1745 799 1752 —
823 1729 866 1760 ut
889 1721 967 1760 Od.
990 1722 1104 1760 XIX.
1130 1722 1219 1761 313
1243 1720 1452 1773 Penelope
1485 1721 1761 1774 Eurymacho:
1794 1719 1928 1767 οὔπως
1957 1721 2068 1762 ἔστιν
2098 1719 2272 1767 εὐκλεΐας
2300 1721 2403 1760 κατὰ

227 1786 354 1840 δῆμον
385 1785 576 1837 ἔμμεναι,
612 1788 655 1826 οἳ
681 1785 726 1838 δὴ
757 1785 865 1826 οἷκον
894 1783 1148 1837 ἀτιμάζοντες
1179 1785 1341 1826 ἔδουσιν
1371 1782 1515 1838 ἀνδρὸς
1546 1782 1752 1838 ἇριστῆος,
1795 1784 1872 1825 Od.
1904 1785 2025 1827 XIV..
2045 1786 2134 1826 237
2164 1785 2323 1826 Ulixes:
2357 1783 2403 1836 δή

227 1847 310 1891 τότ’
334 1847 391 1902 ἔμ’
417 1847 567 1901 ἤνωγον
588 1853 654 1888 καὶ
676 1846 895 1900 ἇγάκλυτον
911 1847 1112 1902 Ἰδομενῆα
1135 1845 1268 1902 mimo?
1290 1846 1520 1902 ἡγήσασθαι
1543 1846 1725 1895 ἐςἼλιον.
1750 1846 1842 1890 οὐδέ
1861 1864 1900 1890 τι
1920 1851 2041 1904 μῆχος
2062 1846 2131 1903 ἦεν
2152 1846 2401 1904 ἀνήνασθαι,

228 1914 385 1964 χαλεπὴ
408 1912 444 1951 δ’
467 1914 531 1960 ἔχε
553 1912 677 1963 δῆμου
700 1916 837 1964 ([ῆμις,
863 1913 940 1951 Od.
964 1913 1070 1951 XVI.
1096 1914 1185 1952 380
1209 1913 1403 1951 Antinous
1426 1912 1478 1950 de
1499 1912 1647 1950 insidiis
1670 1912 1913 1952 Telemacho
1936 1914 2084 1966 paratis
2108 1913 2212 1952 inter
2233 1926 2402 1966 procos:

230 1976 273 2020 οἱ
300 1974 336 2017 δ’
367 1973 436 2018 οὐκ
469 1974 707 2029 αινῆσονσιν
738 1973 947 2022 ἀκούοντες
968 1976 1067 2017 κακὰ
1106 1976 1222 2029 ἔργα,
1266 1973 1316 2017 cf.
1348 1983 1560 2029 praeterea
1597 1975 1674 2017 Od.
1705 1977 1817 2017 XIX.
1851 1978 1954 2017 524.
1996 1977 2050 2018 Π.
2088 1978 2189 2018 101.
2231 1977 2298 2018 VI.
2330 1977 2401 2016 29.

229 2041 284 2082 II.
312 2040 414 2081 132.
448 2040 515 2080 VI.
542 2041 645 2081 275.
678 2040 828 2081 XXIV.
856 2040 956 2081 198.
982 2041 1070 2081 200
1095 2063 1156 2071 -
1177 2041 1322 2094 partim
1345 2054 1413 2091 ea,
1447 2054 1549 2095 quae
1572 2041 1619 2081 ab
1653 2048 1816 2082 externo
1848 2041 2021 2096 quodam
2053 2042 2159 2082 vitae
2188 2040 2402 2096 splendore

230 2112 486 2160 angustoque
508 2118 644 2144 rerum
660 2103 814 2157 judicio
837 2105 1113 2157 proficiscitur.
1150 2105 1270 2149 Quod
1294 2105 1397 2144 enim
1420 2119 1539 2159 supra
1563 2104 1708 2144 dictum
1732 2113 1811 2157 est,
1844 2106 1883 2146 in
1907 2106 1980 2146 diis
2013 2105 2327 2161 contemplandis
2350 2105 2401 2145 ab

230 2171 362 2210 animo
387 2183 536 2221 corpus
559 2184 638 2207 non
661 2169 809 2221 ubique
832 2170 1112 2221 segregavisse
1135 2169 1313 2207 homines
1336 2170 1597 2218 Homericos,
1620 2170 1724 2208 idem
1740 2171 1778 2208 in
1800 2171 1976 2209 moribus
1992 2170 2221 2224 judicandis
2242 2170 2401 2218 accidit,

228 2240 273 2276 ut
295 2239 502 2275 externam
524 2246 659 2273 rerum
681 2232 857 2286 speciem
880 2247 953 2286 pro
979 2232 1143 2273 veritate
1166 2233 1323 2287 saepius
1347 2232 1585 2286 acciperent.
1627 2234 1709 2275 Sed
1732 2234 1886 2289 gloriae
1909 2234 2081 2275 divinam
2111 2232 2197 2275 fere
2227 2234 2399 2275 auctori-

229 2305 353 2339 tatem
374 2298 622 2347 tribuerunt,
657 2311 785 2351 eaque
809 2311 929 2351 quum
952 2297 1001 2335 ab
1025 2296 1223 2336 hominum
1245 2297 1470 2336 rumoribus
1492 2311 1674 2352 magnam
1703 2305 1857 2355 partem
1888 2298 2105 2354 penderet,
2136 2298 2209 2339 hos
2240 2310 2400 2354 quoque

230 2363 400 2402 maxime
423 2362 745 2401 aestimaverunt.
780 2360 858 2400 Od.
882 2361 1011 2400 XVII.
1044 2363 1130 2399 417
1164 2361 1302 2400 Ulixes
1332 2361 1522 2400 Antinoo:
1554 2366 1609 2416 τῷ
1638 2376 1684 2404 σε
1712 2364 1785 2417 χρὴ
1812 2362 1977 2415 δόμεναι
2006 2368 2073 2403 καὶ
2101 2363 2248 2412 λώϊον,
2279 2361 2401 2416 ἧέπερ

231 2425 368 2474 ἄλλοι,
402 2430 538 2466 σίτου·
570 2426 644 2476 ἐγώ
669 2427 716 2465 δέ
744 2428 794 2465 σέ
813 2440 856 2465 κε
887 2426 1001 2464 κλείω
1024 2423 1106 2464 κατ’
1141 2422 1338 2476 ἆπείρονα
1369 2430 1497 2475 γαῖαν.
1532 2426 1573 2466 Il.
1597 2427 1663 2467 VI.
1687 2429 1791 2467 442.
1836 2427 1915 2468 Od.
1946 2427 2056 2467 VIII.
2091 2428 2178 2467 102
2211 2426 2399 2466 Alcinous

231 2490 355 2533 Ulixi:
389 2488 498 2532 νῦνὸ’
524 2490 753 2542 ἐξέλθωμεν
781 2494 847 2530 καῖ
876 2486 1040 2530 ἀέθλων
1076 2492 1333 2542 πειρηθῶμεν
1365 2487 1544 2530 πάντων·
1586 2490 1637 2537 ὥς
1665 2489 1698 2542 χ’
1729 2490 1750 2534 ὃ
1779 2497 1905 2542 ξεῖνος
1934 2491 2078 2550 ἐνίσπῃ
2109 2490 2191 2534 οἶσι
2221 2491 2401 2545 φίλοισιν

231 2556 368 2596 οἴκαδε
392 2554 602 2608 νοστήσας,
638 2555 767 2596 ὅσσον
789 2551 1086 2606 περιγίγνομεϋ)
1109 2551 1241 2592 ἄλλων
1263 2553 1340 2603 πύξ
1362 2569 1404 2593 τε
1425 2556 1776 2615 παλαισμοσῦνῃτε
1797 2562 1863 2598 καὶ
1885 2555 2062 2608 ἅλμασιν
2083 2554 2150 2611 ἧὸὲ
2181 2554 2378 2597 πόδεσσιν
2385 2572 2400 2603 ‚-

231 2627 444 2676 praeterea
467 2620 544 2660 Od.
568 2621 635 2661 VI.
662 2621 734 2660 29.
758 2619 804 2659 Il.
828 2619 957 2659 XVII.
984 2619 1056 2658 92.
1081 2617 1159 2657 Od.
1183 2617 1296 2658 XXI.
1322 2618 1422 2658 324.
1447 2619 1549 2660 329.
1572 2620 1617 2660 ΙΙ.
1640 2621 1712 2662 ΙΧ.
1738 2622 1842 2663 370.
1868 2619 1946 2661 Od.
1970 2622 2079 2661 VIII.
2104 2621 2208 2661 497.
2232 2620 2397 2661 ILVIII.

235 2685 338 2725 149.
373 2684 451 2724 Od.
475 2685 506 2723 Ι.
531 2685 634 2724 236.
666 2685 713 2724 V.
738 2684 843 2724 311.
879 2682 958 2722 Od.
981 2682 1131 2721 XXIV.
1156 2682 1228 2721 31.
1252 2682 1318 2721 IV.
1344 2683 1443 2722 720.
1468 2684 1570 2724 819.
1594 2684 1671 2726 Od.
1694 2686 1767 2726 XI.
1791 2686 1883 2725 482
1910 2685 2046 2725 Ulixes
2068 2683 2228 2724 Achilli:
2260 2682 2400 2734 σεῒοὸ’,

226 2746 428 2799 Ἀχιλλεῦ,
461 2745 566 2795 οἷῖτις
589 2746 687 2803 ἀνὴρ
710 2746 972 2803 προπάροιθε
994 2744 1268 2799 μακάρτατος,
1303 2743 1382 2788 οὔτ’
1404 2745 1463 2800 ἄρ’
1486 2746 1656 2789 ὀπίσσω.
1690 2756 1788 2804 πρὶν
1808 2754 1883 2801 μὲν
1913 2749 1986 2803 γάρ
2017 2763 2064 2790 σε
2095 2753 2195 2797 ζωον
2225 2750 2398 2800 ἐτίομεν,

235 2814 303 2853 ἶσα
333 2816 518 2862 θεοῖσιν,
549 2810 739 2868 Ἀργεῖοι,
776 2815 847 2854 νῖτν
881 2808 978 2853 αὖτε
1009 2813 1110 2864 μέγα
1141 2812 1317 2865 κρατέεις
1345 2810 1568 2863 νεκύεσσιν,
1600 2813 1751 2856 ἐνθάδε
1782 2812 1872 2855 ἐών.
1914 2813 1993 2855 Od.
2016 2812 2091 2854 III.
2120 2813 2222 2855 204.
2256 2812 2301 2854 Il.
2324 2812 2396 2854 XI.

238 2878 262 2915 7
270 2878 346 2916 84;
380 2879 531 2930 Πηλεῖς
551 2883 626 2929 μὲν
649 2874 680 2931 ᾧ
702 2879 817 2917 παιδὶ
840 2881 966 2932 γέρων
988 2873 1163 2916 ἐπέτελλ’
1182 2873 1351 2928 Ἀχιλῆϊ,
1383 2878 1470 2917 αἰὲν
1491 2875 1715 2932 ἀριστεύειν
1736 2882 1802 2918 καὶ
1822 2875 2037 2933 ὑπείροχον
2066 2877 2231 2930 ἔμμεναι
2252 2875 2396 2919 ἄλλων.

234 2939 376 2981 Gloria
395 2940 579 2997 famaque
601 2942 711 2983 solae
733 2940 868 2991 fuere,
902 2942 1045 2997 quibus
1067 2939 1267 2990 homines,
1301 2947 1437 2982 natura
1468 2957 1537 2983 sua
1559 2943 1767 2993 mortales,
1800 2942 1971 2998 aliquam
2001 2949 2133 2983 tamen
2162 2942 2393 2984 immortali-
