2578 3373
997 235 1307 282 ——27

204 356 284 400 0d.
313 356 422 399 XIV.
454 357 559 398 200.
592 357 694 398 205.
725 357 830 398 506.
882 356 1029 397 Parari
1058 361 1193 396 autem
1221 358 1421 410 possessio
1460 363 1621 410 poterat
1658 364 1878 411 parataque
1916 358 2060 412 augeri
2097 365 2166 398 aut
2202 356 2371 399 deorum

201 422 502 477 amicorumque
541 419 742 462 hominum
778 420 999 472 beneficio,
1042 425 1111 461 aut
1147 418 1251 460 bello
1285 420 1645 477 praedafioneque,
1686 427 1754 462 aut
1790 428 2035 474 mercatura,
2077 428 2147 463 aut
2182 435 2372 464 manuum

200 485 404 526 mercede.
436 487 569 539 Atque
589 486 629 525 in
650 488 786 540 priore
807 499 962 540 genere
984 490 1076 523 sunt
1108 490 1150 523 et
1179 485 1256 523 alia
1286 485 1409 536 dona,
1441 492 1483 525 et
1512 487 1656 540 quibus
1685 485 1749 524 vel
1779 485 1893 525 liberi
1921 486 2101 526 homines
2131 494 2325 526 ornantur
2346 500 2371 525 a

198 550 357 600 liberis,
388 549 453 590 vel
475 550 580 590 servi
600 550 640 590 in
663 548 888 591 officiorum
918 549 1280 589 remunerationem
1307 564 1330 589 a
1357 550 1502 591 liberis.
1541 550 1605 590 Ad
1637 549 1808 589 alterum
1835 564 1963 604 genus
1993 551 2102 605 quod
2131 552 2295 601 attinet,
2329 557 2372 591 et

200 612 331 668 ipsum
347 611 414 667 jus
436 614 698 668 possessionis
720 615 825 655 inter
846 628 917 654 eos
939 612 1111 653 maxime
1132 611 1306 663 valebat,
1334 615 1400 668 qui
1423 613 1720 655 consuetudinis
1741 628 1817 653 usu
1840 615 1901 654 vel
1922 615 2053 668 aliqua
2073 614 2371 656 necessitudine

201 677 307 718 inter
328 691 373 718 se
396 675 596 732 conjuncti
618 684 742 720 erant.
776 676 861 719 Sed
883 690 1005 733 quum
1027 689 1263 732 quacunque
1286 676 1338 718 de
1359 691 1479 719 causa
1499 678 1660 719 turbata
1692 676 1911 718 concordia
1933 684 2040 729 erat,
2072 678 2135 719 vel
2162 679 2229 720 ubi
2261 678 2370 721 nulla

200 741 472 792 necessitudo,
494 749 579 781 tum
600 742 642 782 οἱ
650 742 833 795 ’Έλληνες
856 740 1013 796 (Thuc.
1029 741 1063 780 I.
1088 740 1141 796 5)
1165 742 1211 781 τὸ
1233 741 1360 781 πάλαι
1381 742 1606 797 ἐτράποντο
1639 742 1742 793 πρὸς
1762 743 1954 798 λῃστείαν
1974 747 2040 781 καὶ
2064 742 2263 797 ἥρπαζον,
2296 741 2368 784 οὔκ

199 804 359 856 ἔχοντός
379 822 444 846 πω
467 804 659 859 αἰσχύνην
679 805 823 847 τούτου
845 808 919 846 τοῦ
940 805 1078 858 ἔργον,
1111 807 1304 858 φέροντος
1335 806 1380 846 δέ
1409 822 1448 846 τι
1485 811 1550 846 καὶ
1573 804 1686 858 δόξης
1706 806 1876 856 μᾶλλον,
1901 828 1956 835 -
1978 804 2028 846 cf.
2052 813 2093 846 et
2114 806 2192 847 0d.
2209 807 2366 848 XXIII.

200 869 291 910 357
318 893 373 900 -—
400 870 636 923 praesertim
650 901 662 921 ‚
685 884 806 924 quum
826 869 933 909 vires
956 875 998 908 et
1019 867 1213 908 calliditas
1236 867 1286 909 ad
1308 869 1349 909 id
1370 870 1671 924 requirerentur
1692 868 1773 909 Od.
1795 868 1870 909 IX.
1894 870 1966 909 40.
1990 872 2062 910 41.
2095 871 2203 910 Hinc
2225 871 2365 910 intelli-

199 934 332 988 gitur,
365 934 432 987 qui
453 935 629 973 Hermes
652 934 731 974 0d.
754 934 868 974 XIX.
894 933 985 973 396
1008 932 1206 986 Autolyco
1230 932 1387 973 dedisse
1410 933 1565 974 dicatur
1592 931 1868 985 κλεπτοσὺνην
1896 938 1960 973 καὶ
1992 933 2120 987 ὅρκον.
2152 935 2230 974 His
2262 935 2366 974 enim

197 998 413 1038 utebantur
440 998 480 1037 in
510 998 692 1038 inimicos
721 997 783 1038 vel
814 997 964 1038 hostes.
1004 996 1062 1037 Ut
1091 995 1170 1037 Od.
1200 997 1332 1039 XXII.
1371 999 1456 1038 177
1486 997 1626 1039 Ulixes
1655 1010 1736 1037 non
1765 1003 1929 1037 veretur
1956 1011 2119 1038 narrare
2148 998 2365 1049 Minervae,

200 1076 279 1117 qua
308 1060 452 1102 fraude
475 1060 726 1102 Orsilochum
758 1060 1028 1111 interfecerit,
1061 1060 1209 1115 quippe
1238 1062 1304 1116 qui
1335 1061 1545 1116 aliquando
1577 1060 1732 1116 praeda
1762 1061 1893 1116 ipsum
1921 1063 2079 1115 privare
2108 1070 2271 1103 conatus
2301 1064 2364 1104 sit.

201 1126 356 1167 Contra
385 1125 492 1166 idem
522 1125 660 1166 Ulixes
692 1125 770 1167 Od.
801 1126 911 1167 XIV.
945 1125 1055 1166 156:
1102 1125 1248 1180 ἐχθρὸς
1284 1124 1357 1180 γάρ
1393 1142 1461 1178 μοι
1498 1131 1626 1172 κεῖνος
1664 1124 1770 1177 ὁμῶς
1800 1123 1937 1166 Ἀΐδαο
1975 1125 2145 1184 πύλῃσιν
2174 1131 2363 1178 γίγνεται,

199 1190 242 1237 ὃς
262 1213 324 1221 -
346 1188 550 1243 ἀπατήλια
569 1189 689 1241 βάζει.
722 1191 995 1230 Mercatorum
1016 1190 1182 1244 negotia
1203 1191 1526 1241 contemnebant,
1548 1213 1608 1220 —
1634 1189 1714 1230 Od.
1736 1190 1848 1230 VIII.
1883 1191 1971 1229 159
2000 1191 2196 1244 Euryalus
2235 1191 2363 1231 Ulixiz

198 1251 247 1296 οὗ
267 1253 342 1309 γάρ
365 1251 404 1294 0²
425 1252 515 1295 οὐδὲ
523 1284 539 1302 ,
570 1258 695 1303 ξεῖνε,
728 1253 899 1307 δαήμονι
920 1258 1027 1307 φωτὶ
1047 1254 1165 1294 ἐΐσκω
1187 1252 1328 1295 ἄθλων
1360 1278 1410 1285 -
1442 1252 1548 1295 ἀλλὰ
1575 1257 1632 1308 τῷ
1640 1285 1655 1303 ,
1698 1251 1783 1294 ὅστ’
1815 1253 1899 1305 ἅμα
1928 1258 1993 1307 νηὶ·
2015 1256 2260 1309 πολι·κλη“”ι’δι
2286 1259 2363 1297 θα-

197 1322 344 1371 μίζων,
377 1316 495 1370 ἇρχός
526 1317 734 1367 ναυτάων,
769 1320 853 1359 οἵτε
873 1321 1091 1372 πρηκτῆρες
1120 1318 1258 1366 ἔασιν,
1288 1318 1437 1372 φόρτου
1467 1334 1512 1359 τε
1539 1317 1705 1371 μνήμων
1733 1322 1801 1357 καὶ
1836 1318 2053 1364 ἐπίσκοπος
2081 1317 2171 1376 ᾗσιν
2199 1318 2363 1368 ὁδαίων,

198 1383 369 1437 κερδέων
397 1379 439 1424 θ’
473 1380 690 1434 ἁρπαλέων
716 1405 779 1413 -
811 1382 961 1436 quippe
992 1382 1060 1436 qui
1090 1381 1173 1422 sine
1200 1382 1346 1422 viribus
1376 1387 1586 1422 uterentur
1623 1382 1779 1422 astutia.
1831 1380 2037 1423 Phaeaces
2068 1383 2193 1433 enim,
2225 1383 2291 1437 qui
2322 1383 2362 1423 in

200 1446 455 1501 navigatione
476 1446 551 1486 toti
573 1451 706 1496 erant,
738 1446 778 1486 in
799 1446 1091 1486 mercatoribus
1113 1459 1191 1485 non
1213 1446 1320 1486 censi
1341 1444 1462 1486 fuisse
1484 1445 1691 1496 videntur,
1723 1445 1788 1486 vel
1820 1445 1913 1500 quia
1943 1446 2067 1486 minus
2095 1446 2256 1487 sordide
2278 1460 2363 1487 rem

201 1525 313 1549 suam
335 1517 525 1563 egenmt,
558 1510 622 1548 vel
644 1511 737 1563 quia
757 1511 858 1548 mari
879 1511 1036 1548 finitimi
1057 1511 1143 1562 ipsa
1165 1510 1332 1563 quadam
1354 1517 1520 1548 naturae
1541 1510 1637 1563 lege
1659 1510 1711 1548 ad
1733 1517 1997 1548 mercaturam
2020 1513 2102 1563 apti
2134 1526 2223 1549 esse
2255 1511 2361 1549 vide-

200 1575 355 1615 bantur.
390 1573 470 1619 Qui
491 1588 677 1614 manuum
699 1573 889 1614 mercede
920 1573 1097 1627 inopiam
1125 1573 1368 1623 tolerabant,
1401 1588 1542 1614 eorum
1572 1574 1695 1614 tristis
1727 1573 1968 1614 describitur
1995 1589 2104 1623 som,
2141 1575 2363 1614 tristissima

199 1652 298 1679 vero
322 1651 483 1689 eorum,
516 1636 604 1693 qui,
637 1637 813 1678 omnium
834 1651 970 1678 rerum
993 1644 1179 1693 egentes,
1201 1636 1264 1679 vel
1284 1638 1419 1685 αἰδοῦς
1440 1634 1576 1678 officio
1599 1636 1703 1678 male
1726 1637 1982 1679 exsolvuntur
2003 1638 2080 1679 od.
2103 1638 2232 1680 XVII.
2258 1640 2360 1680 577.

202 1703 314 1745 347:
336 1703 455 1748 αἰδώς
477 1700 517 1743 δ’
540 1700 610 1743 οὐκ
631 1700 765 1755 ἀγαθὴ
786 1706 1009 1756 κεχρημένῳ
1032 1701 1148 1755 ἇνδρῑ
1168 1708 1385 1756 παρεῖναι;
1418 1700 1469 1743 cf.
1493 1701 1572 1742 Od.
1595 1702 1726 1743 XVII.
1750 1703 1856 1743 470.
1891 1702 1974 1743 Sed
1999 1703 2059 1743 vel
2081 1703 2260 1743 manibus
2283 1703 2362 1743 suis

199 1767 321 1807 vitam
350 1771 572 1806 sustentare
601 1765 806 1806 honestius
836 1772 917 1818 est,
960 1780 1079 1822 quam
1110 1765 1332 1821 mendicum
1371 1766 1534 1807 incertis
1575 1765 1741 1806 cedibus
1782 1766 1922 1822 vagari
1961 1766 2036 1808 Od.
2075 1766 2225 1807 XVIII.
2256 1766 2360 1808 363.

199 1833 404 1882 Attamen,
445 1845 563 1885 quam
591 1832 824 1885 egegriam,
866 1845 985 1886 quam
1025 1832 1252 1881 honestam,
1293 1845 1411 1885 quam
1449 1829 1537 1870 fere
1568 1830 1741 1870 divinam
1770 1838 1922 1871 sortem
1952 1830 2078 1872 ἆοιδοῑ
2106 1832 2211 1871 nacti
2251 1831 2360 1871 sunt!

200 1894 393 1938 Profecto
417 1896 449 1936 si
470 1895 565 1935 nihil
586 1895 692 1935 aliud
716 1896 956 1936 carminibus
978 1896 1206 1936 Homericis
1228 1896 1267 1935 in
1290 1896 1441 1935 animos
1463 1895 1743 1947 insinuaretur,
1767 1896 1843 1936 nisi
1864 1897 2005 1950 poetas
2027 1895 2110 1937 fere
2131 1910 2249 1950 pares
2272 1910 2362 1936 esse

201 1961 387 2014 regibus,
418 1959 496 1997 hoc
517 1960 647 2012 ipsum
668 1973 743 2012 per
776 1974 820 1997 se
843 1973 983 1997 eorum
1006 1960 1216 1998 lectionem
1239 1960 1491 1997 omni'aetati
1512 1960 1685 1997 maxime
1709 1960 2018 1998 commendaret.
2050 1961 2105 1998 Hi
2130 1961 2233 1997 enim
2253 1960 2361 2014 prin-

202 2026 313 2076 cipes
334 2032 424 2063 sunt
445 2039 605 2072 eorum,
638 2025 725 2075 qui,
757 2024 927 2063 honesto
950 2026 1194 2075 δημιουργῶν
1214 2025 1373 2062 nomine
1405 2025 1554 2072 ornati,
1588 2025 1764 2062 muneris
1797 2032 1866 2062 aut
1888 2024 2010 2063 officii
2031 2025 2182 2063 macula
2210 2025 2363 2075 aspersi

200 2086 307 2130 nulla
328 2094 437 2141 sunt,
470 2085 563 2140 sed,
595 2086 744 2143 ubique
764 2094 964 2130 terrarum
987 2087 1274 2166 acceptissimi,
1301 2085 1446 2129 eadem
1467 2086 1533 2129 illa
1555 2094 1688 2130 aetate
1711 2087 1907 2143 dignitate
1929 2087 2128 2140 fruuntur,
2155 2102 2239 2166 qua
2253 2086 2362 2142 apud

200 2165 274 2192 nos
296 2153 481 2193 artifices.
514 2150 577 2193 Cf.
601 2151 679 2192 Od.
702 2152 832 2193 XVII.
857 2152 947 2194 383
971 2153 1194 2193 Eumaeus.
1232 2154 1290 2198 τίς
1317 2152 1392 2208 γὰρ
1425 2175 1483 2182 -
1510 2153 1627 2194 καλεῖ
1650 2175 1712 2182 -
1742 2150 1888 2200 ἄλλον,
1920 2151 1942 2207 ἢ
1960 2152 2138 2206 μάντιν,
2174 2151 2194 2205 ἢ
2223 2152 2363 2206 ιητῆρα

200 2221 353 2264 κακῶν,
394 2235 417 2269 η
445 2221 610 2256 τέκτονα
639 2218 819 2269 δουρῶν,
861 2217 885 2269 ἢ
914 2223 981 2256 καὶ
1020 2220 1174 2257 θέσπιν
1211 2214 1371 2264 ἆοιδόν,
1414 2217 1437 2256 ὅ
1467 2231 1537 2256 κεν
1565 2221 1761 2275 τέρπῃσιν
1796 2215 1961 2263 αἐἰδωνς
1995 2218 2073 2256 Od.
2110 2217 2222 2256 XIX.
2259 2217 2361 2255 135.

200 2281 357 2322 Poetae
385 2281 491 2321 enim
520 2280 570 2320 ad
599 2279 897 2334 adipiscendam
933 2280 1091 2321 laudem
1121 2287 1162 2320 et
1198 2279 1370 2334 gloriam
1400 2281 1587 2334 quoniam
1626 2282 1796 2321 maxime
1834 2280 2039 2334 adjuvant,
2079 2289 2158 2320 tam
2188 2280 2361 2334 egregio

204 2344 373 2386 deorum
394 2343 502 2384 dono
525 2345 657 2385 affecti
679 2359 768 2384 esse
792 2344 1049 2396 videbantur,
1081 2351 1144 2395 ut,
1176 2358 1227 2384 ne
1249 2358 1385 2385 rerum
1415 2345 1676 2386 humanarum
1707 2346 1884 2400 aequitas
1905 2347 2149 2394 turbaretur.
2182 2358 2362 2385 nonnun-

202 2422 322 2464 quam
342 2406 496 2462 majore
518 2409 648 2463 aliquo
669 2406 885 2448 infortunio
907 2414 1183 2462 premerentur
1205 2407 1284 2448 Od.
1307 2408 1419 2449 VIII.
1444 2409 1517 2449 63.

330 2471 411 2513 Sed
449 2487 529 2512 non
567 2471 773 2527 possidere
811 2472 940 2512 solum
979 2471 1152 2526 optabile
1183 2478 1264 2522 est,
1298 2472 1371 2512 sed
1409 2480 1451 2512 et
1481 2488 1722 2513 conservare
1757 2473 2046 2527 possessionem
2082 2470 2361 2526 integramque

202 2537 376 2593 posteris
396 2536 580 2589 tradere,
612 2551 686 2579 nec
706 2550 785 2578 non
806 2536 997 2592 gloriam,
1031 2550 1134 2591 quae
1157 2542 1219 2577 est
1241 2537 1418 2579 omnium
1440 2538 1738 2592 exoptatissima
1767 2535 1944 2586 fortuna,
1975 2533 2200 2589 famamque
2228 2536 2289 2576 sui
2320 2542 2362 2577 et

202 2602 436 2642 memoriam
466 2601 752 2656 quammaxime
782 2599 1007 2641 diuturnam
1036 2598 1183 2640 facere.
1226 2599 1277 2640 Id
1308 2607 1443 2642 autem
1471 2602 1560 2642 fieri
1590 2615 1669 2642 non
1699 2606 1873 2656 poterat,
1906 2599 1978 2639 nisi
2006 2605 2047 2639 et
2076 2598 2237 2640 adesset
2265 2613 2360 2654 pro—

202 2667 363 2721 genies,
397 2673 456 2717 et,
490 2667 556 2720 qui
579 2673 713 2706 essent
733 2666 876 2720 geniti,
908 2666 1033 2719 patris
1055 2665 1221 2704 virtutes
1244 2671 1365 2720 atque
1394 2667 1501 2706 bona
1531 2667 1753 2706 hereditate
1781 2665 2019 2717 acciperent.
2053 2664 2131 2703 od.
2154 2664 2243 2703 VII.
2271 2665 2361 2705 148

202 2730 340 2773 Ulixes
362 2730 602 2786 hospitibus:
635 2736 765 2773 τοῖσιν
784 2733 874 2772 θεοὶ
896 2727 1011 2782 ὄλβια
1032 2729 1139 2771 δοῖεν
1161 2731 1352 2783 ζωέμεναι
1373 2735 1440 2772 καὶ
1469 2736 1615 2773 παισὶν
1635 2731 1896 2785 ἐπιτρέψαιεν
1919 2731 2084 2775 ἕκαστος
2111 2726 2272 2781 κτήματ’
2301 2728 2365 2771 ἐνὶ

201 2794 426 2849 μεγάροισι,
449 2799 563 2851 γέρας
583 2792 633 2844 τ’,
657 2795 680 2836 ὅ
696 2812 735 2836 τι
755 2796 872 2851 δῆμος
894 2795 1050 2835 ἔδωκεν.
1084 2794 1215 2839 Quam
1238 2796 1290 2834 ob
1312 2809 1398 2835 rem
1421 2802 1465 2836 ut
1484 2796 1745 2837 tristissimum
1766 2793 2010 2833 moribundis
2033 2807 2121 2833 esse
2138 2792 2366 2845 videbatur,

202 2874 276 2901 sua
305 2861 411 2901 bona
441 2861 578 2901 alienis
607 2860 834 2916 relinquere
861 2860 918 2900 sic
954 2857 1186 2913 injuriarum
1225 2859 1399 2900 ultorem
1436 2875 1517 2901 non
1554 2861 1798 2913 relinquere,
1839 2872 1959 2912 quum
1989 2871 2068 2897 non
2098 2858 2207 2898 bona
2236 2858 2364 2899 solum

2104 2940 2153 2976 4.
