2578 3373
1010 253 1576 299 *θῄ-

198 376 472 419 humanarum.
506 373 612 416 Nam
642 379 683 416 et
705 374 847 429 Μοῖρα
875 378 982 416 tanta
1011 371 1253 415 necessitate
1282 372 1362 415 vim
1394 387 1507 416 suam
1539 375 1579 416 in
1608 380 1735 417 totam
1756 372 1959 417 hominum
1981 373 2102 417 vitam
2124 381 2311 429 exercet,
2343 381 2388 417 ut

201 442 264 483 vel
285 440 463 481 maximis
485 438 572 494 ejus
594 439 799 478 laboribus
821 453 900 478 non
929 438 1054 493 possit
1086 438 1238 477 evitari.
1281 438 1361 478 Od.
1389 439 1540 480 XXIV.
1574 440 1646 481 28.
1676 440 1722 480 Il.
1752 440 1820 480 VI.
1852 440 1964 481 488:
2003 446 2153 495 μοῖραν
2182 438 2219 480 δ’
2247 438 2389 482 οὔτινά

201 523 303 560 φημι
325 507 584 556 πεφυγμένον
606 505 775 555 ἔμμεναι
797 503 977 557 ἀνδρῶν,
1007 501 1055 543 οὗ
1076 504 1213 551 κακὸν,
1248 501 1339 544 οὐδὲ
1362 510 1439 555 μὲν
1467 506 1645 554 ἐσθλὸν,
1678 506 1767 546 ἐπεὶ
1788 505 1840 545 τὰ
1861 508 2005 558 πρῶτα
2026 509 2199 559 γένηται.
2244 505 2389 560 Itaque

199 571 235 613 si
257 569 342 625 quis
365 567 457 610 loco
481 567 680 609 nobiliore
701 575 817 609 natus
840 567 1018 608 omnibus
1041 565 1093 607 ad
1117 566 1220 607 bene
1242 566 1457 609 vivendum
1480 568 1763 624 agendumque
1785 567 1992 624 praesidiis
2014 569 2152 621 utitur,
2173 575 2263 611 utut
2283 569 2389 610 vires

200 649 292 676 suas
322 633 564 684 intenderit,
597 640 643 673 ut
672 639 785 674 recte
816 639 913 688 agat
943 632 1227 686 honestamque
1261 630 1408 673 famam
1437 634 1512 673 sibi
1546 640 1776 688 comparet,
1816 647 2016 688 nunquam
2056 640 2191 675 tamen
2221 634 2389 689 gloriari

199 699 372 755 poterit,
406 698 536 739 solum
557 697 677 752 plane
699 711 774 752 per
794 712 839 737 se
862 696 1074 752 quidquam
1098 710 1187 736 esse
1211 704 1451 738 assecutum.
1487 698 1642 738 Contra
1664 698 1732 753 qui
1754 699 1886 739 statim
1908 699 1957 738 ab
1981 698 2139 753 origine
2168 697 2389 749 humilitati,

199 763 397 817 egestati,
430 763 632 802 aerumnis
656 762 815 801 deditus
838 760 971 808 fuerit,
1004 761 1035 799 is
1069 775 1169 809 nec,
1203 775 1337 813 quum·
1357 762 1435 801 erit
1463 761 1571 802 humi
1605 762 1842 815 depressus,
1876 763 2007 816 aliqua
2038 763 2191 802 carebit
2222 777 2387 802 excusa-

199 828 332 877 tione,
366 840 463 875 nec,
498 840 621 880 quum
643 833 806 866 strenue
829 823 1111 872 elaboraverit,
1144 823 1323 864 tristiore
1346 823 1411 865 illa
1434 825 1554 865 animi
1578 826 1842 878 conscientia,
1876 841 1921 867 se
1950 823 2075 881 majus
2101 823 2274 866 fortasse
2293 839 2388 866 con—

200 891 315 945 sequi
346 891 545 944 potuisse,
579 890 613 929 si
645 904 670 929 a
701 890 815 928 bonis
846 889 962 928 initiis
993 888 1194 941 proficisci
1228 889 1479 943 contigisset.
1523 891 1681 940 Quare,
1715 897 1758 929 ut
1789 892 1900 929 Αἶσα
1936 891 1975 929 in
2006 897 2172 930 cunctos
2208 890 2389 929 homines

200 955 453 1003 dominatur,
494 954 554 993 sic
587 954 627 993 in
664 953 843 1007 singulos
874 955 1033 1004 Μοῖρα,
1076 950 1256 1005 ejusdem
1284 950 1372 992 fere
1403 954 1462 992 rei
1494 954 1749 1007 significatio.
1806 956 1915 994 Αἶσα
1952 955 2069 994 unica
2108 961 2190 1003 est,
2230 955 2389 1006 ΙΙΙοῒραι

200 1021 348 1074 plureS.
384 1021 528 1072 Moe-qa
551 1026 715 1071 praeest
736 1017 909 1072 quodam
932 1016 1050 1055 modo
1074 1017 1192 1056 initiis
1216 1016 1419 1057 hominum
1444 1025 1485 1057 et
1508 1018 1709 1068 cursibus,
1734 1019 1819 1072 Κὴρ
1843 1019 2032 1059 exitibus:
2063 1033 2143 1058 non
2166 1018 2220 1058 ita
2242 1024 2389 1067 tamen,

200 1090 246 1125 ut
267 1096 472 1137 nunquam
494 1081 683 1124 θανάτου
705 1088 825 1134 μοῖρα
859 1081 989 1135 aliqua
1012 1080 1168 1121 dicatur
1190 1087 1258 1121 aut
1280 1080 1380 1121 alius
1403 1081 1486 1132 rei,
1520 1096 1641 1136 quum
1664 1095 1772 1122 mors
1794 1082 1882 1137 ipsa
1909 1083 2013 1123 inter
2041 1089 2169 1123 sortes
2198 1081 2390 1122 humanas

200 1154 449 1187 numeretur.
483 1145 569 1185 Sed
591 1160 724 1200 neque
748 1146 876 1198 Κηρὸς
898 1145 921 1183 i.
945 1159 979 1183 e.
1003 1145 1139 1182 mortis
1163 1158 1237 1197 per
1259 1145 1336 1183 vim
1360 1143 1493 1184 sactae
1516 1147 1695 1198 potentia
1717 1147 1842 1185 averti
1864 1153 2018 1199 potest,
2041 1153 2161 1200 atque
2183 1153 2227 1185 ut
2248 1148 2390 1198 Μοῖρα

202 1213 455 1265 singulorum
495 1211 700 1249 hominum
739 1218 819 1259 est,
860 1209 916 1248 sic
947 1209 1193 1262 singulorum
1235 1217 1297 1249 est
1332 1211 1439 1262 Κὴρ,
1483 1209 1675 1263 indeque,
1717 1217 1762 1250 ut
1791 1210 1925 1263 plures
1957 1213 2133 1263 Illofqat,
2176 1210 2233 1250 sic
2265 1211 2391 1263 Κῆρες

202 1289 372 1317 numero
403 1274 552 1328 plures.
605 1275 797 1315 Ceterum
826 1272 933 1327 quod
966 1272 1016 1313 de
1038 1274 1168 1313 Aesae
1201 1280 1343 1313 natura
1376 1287 1498 1327 supra
1528 1280 1791 1314 memoratum
1830 1280 1907 1325 est,
1949 1274 2126 1329 speciem
2167 1273 2389 1324 humanam,

203 1353 324 1395 quam
357 1339 501 1393 reliqui
534 1337 589 1377 dii
620 1338 811 1387 habeant,
851 1350 929 1375 non
961 1336 1107 1375 habere
1138 1337 1286 1390 ipsam,
1329 1336 1436 1376 idem
1466 1338 1503 1376 in
1537 1340 1704 1390 Illofqav
1735 1345 1776 1377 et
1807 1339 1924 1391 Κῆρα
1956 1338 2071 1378 valet.
2126 1339 2235 1378 Hinc
2270 1339 2388 1377 etiam

202 1404 356 1444 factum
380 1412 462 1449 est,
497 1411 541 1442 ut
562 1403 639 1442 tria
663 1403 760 1441 haec
784 1402 943 1455 propria
967 1402 1166 1441 numinum
1190 1401 1415 1442 divinorum
1438 1403 1599 1441 nomina
1622 1403 1853 1456 saepissime
1876 1417 1950 1456 pro
1983 1402 2229 1456 appellativis
2260 1418 2389 1443 sume—

205 1476 356 1509 rentur.
414 1468 566 1507 Verum
605 1466 723 1506 etiam
763 1465 997 1519 appellativa
1039 1480 1149 1505 suam
1189 1465 1267 1505 vim
1304 1473 1345 1507 et
1386 1466 1744 1521 significationem,
1780 1481 1897 1521 quam
1936 1481 2057 1521 supra
2096 1466 2391 1521 descripsimus,

204 1533 393 1573 retinent.
428 1531 491 1570 Ita
514 1531 564 1569 ab
588 1530 648 1569 his
671 1530 909 1576 numinibus,
942 1530 1101 1568 nomine
1132 1536 1172 1568 et
1193 1543 1360 1568 numero
1383 1531 1531 1580 tribus,
1565 1531 1602 1569 vi
1633 1537 1674 1569 et
1704 1531 1999 1585 significatione
2030 1537 2071 1569 et
2101 1531 2258 1585 origine
2291 1531 2391 1579 unis,

206 1604 249 1638 et
271 1603 358 1636 tota
381 1596 462 1635 vita
486 1595 657 1634 humana
680 1601 719 1634 et
741 1593 984 1647 singulorum
1008 1594 1209 1633 hominum
1228 1594 1359 1645 initia,
1390 1609 1552 1644 cursus,
1577 1594 1705 1635 exitus
1729 1595 1849 1635 certis
1871 1594 2015 1634 finibus
2038 1594 2145 1648 apud
2167 1596 2390 1635 Homerum

207 1659 604 1701 circumscribuntur.
659 1659 747 1697 Hos
777 1658 922 1697 nomini
955 1657 1047 1697 licet
1076 1657 1231 1711 egredi.
1288 1658 1411 1703 Quod
1444 1659 1548 1697 enim
1579 1658 1625 1698 Il.
1660 1659 1767 1699 XVI.
1803 1659 1893 1699 780
1926 1658 2095 1713 legitur:
2135 1656 2236 1712 ὑπὲρ
2267 1660 2393 1699 αἶσαν

202 1723 360 1774 Ἀχαιοὶ
384 1726 571 1776 φέρτεροι
596 1719 714 1774 ἦσαν,
749 1728 789 1761 et
810 1721 853 1761 Il.
876 1721 967 1761 XX.
993 1722 1064 1762 30.
1097 1723 1240 1761 Jovem
1262 1723 1463 1772 timuisse,
1498 1737 1549 1761 ne
1577 1720 1810 1775 ὑπέρμορον
1831 1721 2004 1762 Achilles
2033 1728 2160 1772 τεῖχος
2187 1721 2391 1776 perderet,

208 1795 251 1829 et
274 1786 383 1842 quod
406 1786 452 1827 Il.
475 1786 568 1826 XX.
594 1786 685 1830 336
708 1799 731 1824 a
754 1785 940 1838 Neptuno
964 1785 1111 1825 dictum
1135 1793 1196 1825 est
1218 1788 1401 1826 Aeneae:
1436 1785 1538 1826 cede
1561 1785 1722 1836 Achilli,
1746 1800 1797 1826 ne
1818 1784 1919 1839 ὑπὲρ
1940 1791 2089 1840 μοῖραν
2119 1785 2245 1838 δόμον
2268 1783 2392 1832 Ἄϊδος

208 1853 435 1905 εἷςαᾳκίκηαι
450 1881 464 1899 ,
505 1850 546 1889 id
569 1864 604 1890 c.
629 1850 695 1889 lv.
720 1849 952 1903 explicuisse
975 1850 1067 1888 mihi
1089 1849 1241 1890 videor.
1274 1850 1498 1890 Praeterea
1522 1857 1633 1889 recte
1656 1851 1847 1890 monitum
1870 1856 1952 1900 est,
1985 1850 2025 1889 in
2047 1850 2174 1890 altero
2203 1850 2389 1890 enuncia-

207 1917 362 1957 tionum
392 1914 740 1968 hypotheticarum
777 1914 953 1952 membro
983 1929 1261 1968 nonnunquam
1302 1916 1399 1955 istos
1432 1916 1532 1954 fines
1571 1914 1808 1968 egrediendi
1847 1928 1959 1967 spem
2001 1914 2183 1971 ostemdi,
2224 1928 2389 1968 quarum

209 1979 372 2037 quidem
404 1979 533 2020 altero
566 1978 835 2032 significetur,
869 1992 956 2018 eam
987 1978 1276 2030 conditionem,
1311 1993 1389 2035 qua
1428 1993 1509 2020 non
1545 1978 1703 2034 expleta
1732 1993 1796 2020 res
1827 1977 1959 2034 aliqua
1990 1976 2124 2020 futura
2156 1977 2317 2031 fuisset,
2348 1992 2391 2019 re

209 2059 305 2086 vera
328 2058 418 2084 esse
441 2043 653 2097 expletam.
688 2040 751 2081 Cf.
775 2042 819 2081 Il.
844 2042 970 2081 XVII.
995 2043 1096 2083 321.
1122 2043 1225 2083 327.

335 2110 456 2149 Prius
480 2108 606 2162 igitur
626 2108 842 2146 timuerunt
864 2107 1060 2156 homines,
1094 2122 1210 2160 quam
1234 2107 1465 2155 coluerunt,
1500 2115 1544 2147 ut
1567 2108 1642 2147 hoc
1662 2122 1823 2161 quoque
1846 2107 1937 2147 loco
1961 2109 2105 2148 scitum
2127 2107 2222 2147 illud
2247 2108 2387 2158 valeat,

207 2176 395 2215 timorem
419 2189 510 2213 esse
533 2172 753 2225 sapientiae
775 2171 1021 2224 principium.
1055 2172 1172 2212 Prius
1194 2188 1312 2212 unam
1336 2171 1602 2223 divinitatem,
1635 2188 1754 2227 quam
1776 2171 1910 2226 plures
1934 2180 2234 2228 cognoverunt;
2267 2181 2387 2227 atque

208 2252 326 2280 unam
351 2237 455 2278 hanc
479 2234 726 2277 divinitatem
750 2234 982 2283 obscuram,
1009 2235 1242 2285 terribilem,
1265 2236 1571 2279 remotissimam
1593 2250 1616 2277 a
1639 2236 1759 2277 rebus
1782 2235 1982 2288 humanis,
2015 2249 2091 2277 nec
2113 2249 2192 2276 non
2215 2237 2388 2277 omnium

208 2316 347 2342 earum
370 2302 630 2355 participem,
654 2301 802 2338 Fatum
826 2313 914 2337 esse
937 2300 1126 2347 arbitror,
1150 2302 1256 2353 quod
1281 2315 1354 2354 per
1374 2309 1500 2340 totam
1526 2304 1779 2340 Graecorum
1802 2303 1953 2354 pariter
1975 2309 2096 2354 atque
2113 2303 2388 2340 Romanorum

208 2367 506 2420 antiquitatem,
550 2365 625 2405 etsi
665 2363 776 2404 vario
816 2362 939 2403 modo
978 2372 1184 2417 acceptum
1224 2372 1344 2419 atque
1384 2366 1687 2419 interpretatum
1730 2372 1809 2416 est,
1853 2365 2037 2407 eximiam
2076 2380 2187 2406 suam
2230 2365 2308 2406 vim
2348 2372 2388 2406 et

208 2430 427 2486 potentiam
452 2428 644 2483 prodidit.
679 2427 777 2467 Mihi
795 2425 956 2481 quidem
980 2427 1081 2466 enim
1105 2441 1242 2467 eorum
1266 2429 1460 2469 sententia
1484 2428 1694 2483 probanda
1725 2443 1813 2469 esse
1837 2429 2015 2479 videtur,
2049 2430 2114 2483 qui
2142 2436 2226 2470 tres
2248 2442 2386 2483 super·

206 2496 377 2535 stitionis
401 2495 599 2533 humanae
622 2493 735 2547 quasi
759 2490 912 2545 gradus
944 2491 1031 2529 fieri
1055 2500 1227 2532 censent.
1262 2494 1415 2540 Unum,
1448 2508 1568 2546 quum
1598 2493 1931 2533 homines0rudes
1963 2500 2004 2533 et
2034 2493 2189 2543 inculti,
2221 2500 2388 2533 naturae

210 2560 357 2598 viribus
379 2559 507 2598 territi
531 2565 572 2597 et
594 2557 708 2611 quasi
732 2553 1020 2608 obstupefacti,
1054 2555 1197 2595 nullam
1226 2556 1277 2596 de
1313 2556 1515 2597 divinitate
1548 2558 1750 2597 notionem
1781 2571 1930 2612 capere
1961 2557 2077 2598 aliam
2105 2557 2309 2611 potuerint
2340 2571 2387 2598 ac

208 2623 454 2671 severitatis,
495 2619 901 2676 circumscriptionis,
934 2619 1203 2669 necessitatis,
1236 2628 1356 2675 atque
1387 2635 1473 2661 eam
1497 2621 1656 2676 quidem
1687 2636 1816 2664 unam.
1855 2621 2053 2675 Alterum,
2087 2635 2208 2677 quum
2237 2621 2386 2678 ingenii

210 2689 356 2728 viribus
379 2688 667 2727 exercitatione
689 2685 894 2741 paululum
918 2685 1190 2723 corroboratis
1213 2686 1251 2723 in
1273 2692 1382 2724 tanta
1399 2699 1531 2726 rerum
1551 2688 1786 2727 naturalium
1804 2688 1996 2728 varietate
2014 2695 2136 2740 atque
2157 2686 2388 2727 diversitate

212 2755 409 2793 numinum
433 2753 552 2793 etiam
576 2753 810 2792 varietatem
835 2749 1082 2791 constituere
1105 2751 1331 2803 coeperint,
1366 2765 1504 2791 eorum
1535 2752 1732 2806 quandam
1763 2752 1967 2793 notionem
1997 2760 2131 2793 mente
2162 2751 2235 2792 sibi
2264 2749 2385 2792 infor-

212 2819 401 2858 maverint
440 2816 774 2871 informatamque
812 2830 885 2856 sua
925 2814 1081 2854 ratione
1120 2815 1231 2868 quasi
1271 2815 1573 2869 compleverint,
1616 2818 1692 2868 ita,
1732 2824 1777 2858 ut
1811 2831 1925 2858 suum
1959 2816 2125 2871 singulis
2165 2817 2388 2857 numinibus

211 2894 350 2920 munus
371 2883 603 2923 tribuerent.
638 2881 823 2921 Tertium
846 2879 1044 2934 denique,
1073 2893 1192 2933 quum
1215 2886 1306 2934 post
1329 2879 1490 2936 longum
1516 2889 1737 2937 perpetuae
1768 2881 2063 2923 exercitationis
2086 2888 2263 2936 tempus,
2295 2889 2387 2936 post

210 2945 431 2985 diuturnam
455 2947 675 2986 divinarum
698 2954 739 2986 et
761 2947 1024 2985 humanarum
1047 2957 1180 2983 rerum
1204 2945 1584 3008 considerationem,
1611 2949 1706 2987 item
1730 2947 1956 2987 diuturnam
1978 2946 2114 2986 mundi
2137 2947 2380 3000 contempla-
