2578 3373
1039 261 1600 308 —3—.-

230 382 433 424 hominum
462 384 795 435 Homericorum,
827 384 1032 439 quomodo
1063 383 1183 424 animi
1214 390 1327 423 certo
1354 391 1554 438 tempore·
1570 385 1649 423 sint
1676 383 1834 434 affecti,
1866 384 2063 425 rationem
2092 397 2173 424 non
2203 383 2411 435 habentes,

230 462 281 489 ea
301 461 459 489 morum
481 456 699 504 praecepta
720 447 936 501 faciamus,
969 462 1074 503 quae
1096 462 1142 489 re
1164 461 1260 488 vera
1281 461 1361 488 non
1382 456 1494 500 sunt,
1527 448 1600 489 sed
1622 447 1747 488 multo
1770 448 1900 503 magis
1923 449 2064 501 etiam,
2091 463 2142 489 ne
2164 446 2266 489 falso
2289 447 2412 490 duca-

230 526 321 553 mur
342 512 475 553 studio
498 512 596 565 hoc,
628 521 672 554 ut
693 515 841 570 ubique
863 520 1019 555 certum
1050 519 1360 568 praeceptorum
1390 513 1571 554 ordinem
1602 519 1836 568 certamque
1867 520 1909 553 et
1937 513 2043 554 nulla
2073 529 2119 555 re
2149 514 2414 569 interruptam

229 578 516 618 sententiarum
540 578 758 619 ethicarum
780 580 927 619 seriem
949 577 1183 619 efficiamus.
1216 578 1400 631 Namque
1421 577 1522 618 falso
1544 579 1623 618 hoc
1646 578 1778 617 studio
1802 577 1977 632 quodam
1998 579 2085 619 fieri
2113 579 2216 618 solet
2229 609 2240 629 ,
2274 585 2320 618 ut
2341 592 2413 618 eos

228 641 364 692 locos,
399 642 465 695 qui
490 656 565 695 pro
587 643 702 683 nobis
723 642 893 694 faciunt,
915 649 1141 692 sectemur,
1172 642 1398 682 omittamus
1421 650 1562 683 contra
1584 649 1871 695 repugnantes,
1903 644 2035 696 Atque
2056 643 2133 683 hae
2156 641 2413 684 difficultates

230 710 342 756 sunt,
377 719 481 759 quae
504 706 685 746 oriuntur
706 706 773 758 iis,
806 707 874 761 qui
897 706 1023 746 unicis
1044 705 1218 745 Homeri
1241 705 1478 745 carminibus
1500 714 1688 760 tanquam
1712 704 1923 759 praesidiis
1946 706 2005 745 usi
2028 705 2235 746 declarare
2261 706 2412 757 volunt,

229 783 335 823 quae
357 769 435 809 vita
458 770 605 824 quique
627 785 762 811 mores
785 777 919 811 aetate
941 770 1164 810 Homerica
1190 767 1347 812 fuerint.

1223 902 1286 958 G.
1322 903 1422 956 IV.

357 1022 587 1078 Sequuntur
602 1021 687 1078 jam
709 1023 820 1065 istius
843 1023 903 1065 rei
926 1022 1125 1078 quaedam
1157 1022 1356 1065 utilitates.
1398 1025 1457 1065 Ac
1486 1023 1657 1078 primum
1690 1021 1873 1078 quidem,
1910 1037 1988 1077 quo
2018 1022 2145 1064 minus
2172 1022 2337 1065 consilio
2368 1030 2409 1065 et

229 1085 423 1127 industria
444 1101 600 1127 morum
623 1095 841 1143 praecepta
862 1086 1068 1139 feruntur,
1103 1101 1153 1127 eo
1176 1088 1306 1143 magis
1335 1087 1503 1129 credere
1533 1088 1692 1139 licebit,
1727 1101 1794 1139 ea,
1828 1101 1932 1142 quae
1960 1085 2158 1138 ferantur,
2191 1102 2239 1128 ex
2269 1088 2406 1129 intimo

229 1151 360 1191 animo
390 1152 539 1204 poetae
569 1153 785 1205 profluere.
818 1152 982 1192 Deinde
1012 1166 1152 1191 verum
1183 1152 1343 1205 quidem
1372 1160 1454 1203 est,
1487 1167 1536 1192 ex
1569 1153 1702 1191 verbis
1733 1159 1774 1191 et
1802 1153 2007 1191 sententiis
2041 1152 2241 1191 hominum
2272 1167 2406 1192 mores

229 1215 423 1269 cognosci
445 1212 618 1266 facilius,
650 1230 729 1256 non
762 1216 857 1257 item
888 1215 1060 1257 certius:
1094 1216 1315 1257 certissima
1342 1230 1496 1256 morum
1525 1215 1674 1256 indicia
1704 1215 1817 1269 ipsae
1844 1223 1935 1256 sunt
1968 1216 2157 1256 actiones.
2197 1216 2244 1256 In
2274 1216 2405 1257 verbis

228 1279 355 1330 enim,
389 1293 492 1333 quae
514 1280 799 1320 sententiarum
821 1286 913 1321 sunt
934 1286 1057 1321 notae
1080 1286 1121 1321 et
1142 1280 1468 1335 significationes,
1491 1280 1668 1320 simulari
1690 1287 1827 1334 potest
1848 1287 1917 1320 aut
1938 1279 2185 1329 dissimulari,
2208 1293 2288 1321 non
2310 1281 2405 1321 item

225 1344 268 1383 in
289 1344 532 1393 actionibus,
565 1358 668 1397 quae
700 1344 842 1383 nullius
874 1344 1179 1398 significationis
1211 1344 1415 1399 indigent,
1448 1359 1569 1398 quum
1600 1345 1712 1398 ipsae
1744 1358 1818 1397 per
1852 1359 1896 1383 se
1927 1344 2149 1397 loquantur.
2192 1344 2404 1384 Credimus

228 1406 414 1461 equidem
436 1406 763 1461 philosophorum
784 1408 907 1448 libros
930 1407 1129 1462 largiores
1153 1408 1308 1449 ethicae
1329 1406 1459 1449 fontes
1483 1423 1593 1458 esse,
1627 1422 1746 1462 quam
1776 1408 1988 1461 poetarum
2017 1408 2213 1458 carmina,
2247 1407 2318 1448 sed
2350 1407 2404 1448 illi

227 1484 324 1510 suae
347 1470 577 1524 disciplinae
599 1472 759 1526 suisque
782 1471 1034 1525 opinionibus
1057 1472 1219 1511 nimium
1234 1473 1411 1511 tribuunt
1433 1472 1678 1526 multumque
1695 1471 1856 1521 habent,
1880 1472 1989 1526 quod
2006 1485 2140 1511 rerum
2156 1485 2402 1526 consequen-

225 1535 325 1576 fium
346 1536 477 1589 gratia
508 1536 666 1586 fictum,
700 1543 832 1586 certe,
865 1544 910 1576 ut
932 1537 1065 1576 omnia
1087 1537 1191 1577 bene
1213 1537 1478 1587 cohaereant,
1512 1537 1613 1576 clam
1636 1538 1855 1586 invectum,
1888 1551 2088 1590 nunquam
2121 1537 2242 1576 totius
2273 1537 2404 1590 gentis

228 1612 437 1640 commune
460 1596 544 1639 fuit.
577 1599 709 1639 Porro
734 1599 843 1654 quod
866 1597 1144 1640 difficultatem
1167 1600 1308 1641 obtulit
1328 1600 1501 1640 Homeri
1524 1600 1696 1640 ethicam
1718 1600 1941 1654 scripturo,
1975 1599 2083 1654 quod
2116 1598 2201 1654 ejus
2230 1600 2404 1640 carmina

227 1677 307 1703 non
330 1676 466 1702 omnes
497 1663 602 1703 vitae
623 1663 819 1704 humanae
845 1671 982 1717 partes
1015 1665 1346 1718 complectuntur,
1379 1665 1485 1705 idem
1514 1663 1682 1715 efficiet,
1713 1672 1759 1704 ut
1788 1665 1901 1718 ipsae
1932 1679 2025 1715 eae,
2059 1678 2226 1719 quarum
2256 1665 2402 1705 mentio

227 1727 294 1778 fit,
318 1741 367 1766 eo
391 1727 615 1766 accuratius
638 1728 783 1780 exponi
805 1729 969 1781 possint.
1004 1729 1130 1768 Certe
1152 1743 1286 1769 rerum
1307 1729 1518 1769 multitudo
1541 1729 1844 1782 intelligentiam
1866 1743 1946 1767 non
1969 1729 2172 1781 impediet.
2205 1729 2402 1782 Denique,

226 1797 272 1831 ut
293 1789 399 1830 aliud
421 1789 516 1844 quid
531 1789 615 1844 jam
638 1805 742 1831 nunc
765 1790 934 1843 dicatur,
946 1792 1101 1846 pristini
1122 1793 1314 1847 temporis
1337 1807 1472 1833 mores
1495 1792 1626 1832 animo
1650 1792 1843 1846 repetitos
1861 1792 2084 1832 hominibus
2107 1792 2187 1832 suis
2204 1790 2401 1832 affinxisse

225 1855 337 1896 istius
368 1855 527 1909 quidem
557 1856 698 1895 aetatis
728 1857 912 1909 poetam,
955 1857 1019 1896 vix
1049 1857 1269 1911 opinemur.
1325 1857 1447 1903 Quod
1478 1858 1583 1896 enim
1605 1856 1722 1897 facile
1751 1858 1962 1911 negotium
1991 1864 2052 1897 est
2082 1858 2149 1908 iis,
2182 1858 2247 1911 qui
2279 1857 2400 1911 longo

226 1933 301 1961 usu
318 1919 495 1960 subtilius
519 1920 702 1974 cogitare
721 1926 762 1960 et
782 1921 1013 1962 ratiocinari
1037 1921 1284 1973 didicerunt,
1316 1928 1360 1963 ut
1381 1929 1468 1963 tota
1490 1928 1624 1963 mente
1648 1929 1689 1963 et
1709 1922 1956 1977 cogitatione
1977 1928 2162 1976 tempora
2184 1922 2401 1975 praeterita

226 1991 454 2037 repetentes
477 1984 538 2022 vel
562 1985 607 2022 iis
630 1985 840 2036 poetarum
864 1987 1053 2038 operibus
1080 1986 1350 2036 delectentur,
1385 1988 1528 2040 quibus
1558 1987 1675 2024 alieni
1707 2000 1841 2024 mores
1875 1986 2174 2035 describuntur,
2208 1986 2246 2024 id
2278 1986 2400 2024 aetati

225 2048 471 2089 Homericae
495 2048 557 2088 vix
579 2048 796 2102 contigisse
818 2049 1005 2091 arbitror.
1036 2051 1173 2096 Quare
1196 2066 1421 2106 quanquam
1443 2052 1649 2091 Homerus
1672 2050 1805 2105 aliquo
1827 2058 2011 2105 tempore
2028 2058 2118 2105 post
2134 2050 2276 2089 bellum
2292 2050 2399 2089 Tro-

220 2112 359 2167 janum
386 2119 425 2153 et
446 2112 571 2153 Ulixis
594 2114 632 2152 in
654 2113 823 2166 patriam
845 2113 1019 2154 reditum
1043 2116 1220 2155 carmina
1243 2116 1400 2165 cecinit,
1424 2122 1464 2155 et
1486 2129 1713 2170 quanquam
1732 2115 1812 2157 hoc
1833 2115 2026 2169 temporis
2043 2114 2246 2155 intervallo
2265 2127 2401 2154 mores

226 2177 413 2231 pristinos
435 2192 514 2216 non
536 2191 699 2231 prorsus
721 2177 948 2217 immutatos
970 2180 1282 2220 mansisse-vero
1305 2180 1432 2219 simile
1456 2187 1537 2230 est,
1570 2194 1650 2220 non
1672 2187 1822 2220 tantam
1844 2187 1978 2219 tamen
2000 2178 2120 2219 fuisse
2141 2179 2401 2218 mutationem

227 2255 457 2292 censemus,
490 2248 535 2281 ut
557 2240 833 2295 descriptionis
857 2242 1004 2282 veritas
1026 2243 1202 2285 tollatur.
1234 2243 1341 2295 Sed,
1368 2251 1419 2285 -ut
1440 2243 1621 2295 tollatur,
1654 2244 1680 2284 ii
1704 2251 1815 2284 certe
1838 2243 2012 2284 describi
2045 2257 2177 2283 mores
2199 2250 2401 2297 poterunt,

227 2319 327 2360 quos
349 2306 450 2356 suis,
483 2313 528 2347 ut
548 2306 601 2347 ita
623 2305 775 2356 dicam,
807 2306 1030 2348 hominibus
1059 2309 1265 2349 Homerus
1293 2309 1444 2349 tribuit,
1486 2310 1577 2349 Hos
1609 2316 1744 2349 autem
1774 2308 2005 2349 describere
2035 2308 2113 2348 hoc
2142 2307 2271 2347 libello
2303 2321 2400 2347 con—

227 2369 356 2411 silium
384 2376 456 2410 est.
501 2371 553 2411 At
579 2370 787 2424 poetarum
816 2377 898 2421 est,
937 2370 993 2411 ita
1024 2372 1129 2412 enim
1161 2370 1278 2414 facile
1311 2371 1505 2427 quispiam
1537 2373 1664 2423 dicat,
1704 2374 1742 2413 in
1772 2373 1952 2412 omnibus
1983 2373 2101 2412 rebus
2131 2379 2174 2411 ut
2203 2386 2401 2412 summum

227 2433 416 2489 quiddam
447 2441 664 2488 sequantur
684 2448 833 2488 eoque,
876 2434 983 2489 quod
1015 2435 1197 2489 perfecta
1229 2438 1362 2477 omnia
1399 2437 1661 2492 absolutaque
1696 2452 1785 2478 esse
1818 2437 1999 2491 cupiunt,
2039 2435 2245 2475 veritatem
2281 2450 2399 2475 exce-

227 2498 335 2539 dant.
370 2499 449 2544 Qui
470 2498 595 2553 igitur
626 2513 674 2549 ex
706 2500 851 2553 poetae
882 2500 1121 2540 carminibus
1151 2501 1354 2541 hominum
1384 2502 1504 2542 vitam
1534 2509 1575 2542 et
1604 2515 1736 2542 mores
1768 2501 2040 2555 descripserit,
2072 2513 2151 2538 non
2183 2499 2399 2539 admodum

227 2578 318 2604 esse
339 2564 377 2603 ei
399 2562 500 2603 fides
522 2563 706 2603 habenda
730 2563 922 2603 videatur.
955 2564 1080 2604 Multa
1113 2566 1300 2606 videlicet
1328 2568 1533 2606 Homerus
1569 2580 1690 2619 supra
1720 2580 1856 2605 verum
1884 2565 2110 2612 exornavit,
2144 2565 2217 2603 sed
2248 2566 2322 2612 ita,
2356 2571 2401 2603 ut

226 2627 427 2668 neminem
448 2624 564 2667 facile
587 2627 826 2668 ornamentis
849 2627 929 2667 suis
952 2627 991 2667 in
1014 2642 1196 2669 errorem
1219 2630 1405 2671 abducat.
1441 2630 1556 2676 Quae
1580 2630 1684 2670 enim
1706 2627 1819 2683 hujus
1842 2628 2004 2682 generis
2027 2627 2238 2675 habentur,
2266 2628 2400 2668 omnia

226 2698 318 2734 sunt
347 2692 559 2744 immensa,
600 2691 795 2744 inaudita,
827 2691 1095 2744 incredibilia,
1136 2694 1192 2735 ita
1222 2695 1489 2751 repugnantia
1522 2695 1589 2745 iis,
1624 2709 1726 2749 quae
1756 2692 1955 2748 plerisque
1985 2691 2084 2733 locis
2116 2692 2323 2745 dicuntur,
2356 2700 2402 2734 ut

226 2757 322 2796 nihil
342 2758 394 2796 sit
414 2756 587 2805 facilius,
619 2770 740 2810 quam
761 2757 842 2796 istis
863 2758 1107 2796 ornamentis
1130 2758 1346 2799 detrahere
1368 2766 1539 2808 tantum,
1573 2765 1721 2812 quanto
1754 2769 1891 2795 verum
1914 2758 2158 2796 restituatur.
2191 2758 2248 2797 Ut
2277 2771 2401 2813 quum

226 2821 494 2862 Telemachus
524 2823 759 2875 promissam
789 2837 898 2874 spem
928 2822 1129 2873 quandam
1161 2838 1185 2861 a
1219 2826 1396 2872 nemine,
1435 2839 1485 2862 ne
1517 2824 1648 2862 divino
1681 2822 1842 2873 quidem
1871 2823 2053 2870 numine,
2096 2823 2247 2873 expleri
2279 2838 2401 2874 posse

227 2883 413 2941 opinatur
435 2883 515 2927 Od.
537 2884 611 2927 ΙΠ.
637 2884 742 2937 226,
764 2883 817 2938 id,
848 2882 954 2941 quod
975 2898 1094 2926 versu
1118 2885 1208 2928 228
1233 2902 1257 2928 a
1279 2886 1459 2929 Minerva
1480 2885 1746 2941 vituperatur,
1779 2881 1854 2939 (cf.
1879 2882 1957 2926 0d.
1981 2884 2049 2926 IV.
2077 2885 2179 2927 104.
2202 2885 2299 2928 XII.
2325 2886 2398 2929 86.

230 2947 331 2989 107.
353 2950 400 2989 Il.
423 2950 538 2989 XIII.
563 2950 648 3006 55)
672 2950 735 2989 vel
757 2963 876 3005 quum
898 2950 945 2988 ab
968 2950 1272 3003 Agamemnone
1294 2952 1353 2990 ira
1375 2952 1537 2990 incenso
1561 2951 1692 3003 inique
1715 2949 1887 2988 Calchas
1910 2956 2147 3001 accusatur,
2172 2951 2282 3006 quod
2305 2951 2399 2990 nihil

2088 3031 2109 3068 l
2128 3034 2147 3055 *
