2578 3373
1025 266 1208 270 »----
1279 238 1337 282 14

216 358 291 398 sibi
313 365 580 411 proponeret,
611 357 665 397 nil
687 372 777 398 esse
800 372 874 410 pro
899 363 1007 397 recte
1029 354 1144 396 factis
1166 356 1407 408 praemium,
1440 355 1515 394 nisi
1538 356 1632 395 boni
1655 356 1962 407 conscientiam,
1997 358 2078 407 vel,
2101 358 2210 410 quod
2234 361 2398 412 propius

217 420 270 463 ad
293 420 500 476 veritatem
524 418 704 471 accedit,
737 419 770 461 si
793 419 898 462 adeo
921 415 1184 475 profecissent
1205 416 1270 459 illa
1293 425 1427 460 aetate
1450 417 1651 469 homines,
1684 425 1729 460 ut
1749 426 1930 461 naturam
1953 421 2163 463 humanam
2195 424 2399 476 cognitam

217 487 423 525 haberent.
457 484 542 524 Sed
566 484 621 524 dii
653 497 794 526 omnes
815 483 1023 525 Homerici
1053 481 1365 538 unumquodque
1396 481 1550 524 facinus
1580 482 1795 524 humanum
1825 489 1866 525 et
1895 497 1970 539 per
1999 500 2043 527 se
2074 485 2399 541 interpretantur,

218 567 240 590 a
262 550 490 604 praeteritis
520 548 747 604 futurisque
777 551 896 589 rebus
922 547 1162 601 sejunctum,
1194 562 1270 586 nec
1301 548 1565 598 voluntatem,
1598 562 1700 602 quae
1730 546 1974 588 facinoribus
2002 552 2150 601 subsit,
2183 550 2400 591 admodum

218 615 255 655 in
271 612 469 667 judicium
492 620 662 662 vocant,
695 614 768 654 sed
792 620 993 654 externam
1015 626 1155 651 eorum
1179 612 1368 664 speciem.
1404 612 1521 657 Quae
1544 626 1663 666 quum
1694 612 1749 652 ita
1771 612 1868 662 sint,
1902 613 2038 653 mirari
2067 629 2147 654 non
2176 630 2399 670 possumus,

217 679 254 717 in
277 684 365 718 tota
381 675 537 732 justitia
560 677 694 718 divina
718 678 919 719 contraria
942 675 1082 725 multa,
1116 675 1297 726 diversa,
1331 675 1492 717 dissona
1515 676 1702 731 reperiri;
1734 676 1962 732 ubicunque
1985 678 2160 721 rationes
2191 686 2232 721 et
2254 693 2399 722 causae

217 745 255 783 in
272 742 506 797 judicandis
528 742 774 784 facinoribus
796 758 874 783 non
897 743 973 782 sint
994 742 1029 781 in
1065 748 1275 796 promptu,
1310 742 1529 796 potentiam
1561 742 1598 782 in
1632 740 1717 796 ejus
1740 740 1872 782 locum
1894 742 2138 795 succedere,
2171 745 2398 786 beneficen-

215 809 312 848 tiam
337 823 433 847 vero
457 808 565 848 haud
588 823 683 848 raro
706 808 953 848 arbitrariam
977 821 1075 846 esse.
1108 806 1177 845 Dii
1200 807 1326 855 enim,
1359 821 1598 861 quamquam
1619 806 1757 847 favent
1785 807 1939 857 virtuti,
1972 814 2104 848 tamen
2136 815 2178 849 et
2206 810 2400 850 malorum

217 871 441 912 facinorum
465 880 656 912 auctores
679 872 881 916 dicuntur,
916 885 1051 910 eorum
1075 884 1172 909 vero
1207 884 1359 922 poenas
1390 879 1603 924 expetere,
1637 884 1806 925 quorum
1835 869 1948 909 fuere
1976 879 2164 910 auctores
2194 873 2258 912 vel
2287 872 2399 929 adju-

217 944 329 977 tores
353 934 432 977 Od.
456 936 532 977 III.
566 936 671 977 266.
717 937 825 977 XIV.
858 937 928 976 86.
970 935 1013 974 Il.
1045 935 1119 975 III.
1156 936 1257 975 164.
1295 936 1406 984 165,
1447 936 1569 975 tidem
1603 936 1735 975 datam
1766 950 1843 975 non
1877 951 2038 975 servare
2069 937 2152 975 Od.
2181 938 2276 976 XII.
2312 936 2398 977 164

219 1000 335 1041 Asius
358 1000 501 1041 iratus:
537 1001 614 1041 Ζεῦ
638 999 790 1053 πάτέρ,
824 997 846 1053 ἦ
867 997 936 1051 ιρά
961 1015 1004 1040 νυ
1027 1002 1089 1039 καὶ
1114 998 1165 1039 σύ
1196 998 1428 1052 φιλομειδὴς
1450 998 1607 1048 ἐτέτυξο
1631 997 1762 1050 πάγχυ
1783 997 1915 1051 μάλα,
1950 999 1994 1040 Il.
2018 999 2071 1041 II.
2100 1001 2200 1041 112.
2228 1001 2301 1056 IX.
2328 1003 2400 1042 22.

217 1065 353 1103 XXII.
392 1062 472 1111 14,
507 1065 673 1103 consilia
702 1078 773 1103 sua
806 1077 879 1117 pro
912 1064 1073 1101 arbitrio
1105 1076 1195 1101 cum
1228 1063 1399 1101 maxima
1438 1063 1641 1102 hominum
1672 1063 1896 1103 calamitate
1924 1064 2132 1105 immutare
2162 1063 2208 1105 Il.
2241 1064 2292 1105 X.
2326 1066 2400 1107 45.

215 1129 345 1167 XVII.
373 1131 480 1167 546.
515 1128 595 1167 Od.
619 1130 651 1167 l.
679 1130 765 1166 234
800 1127 849 1166 cs.
882 1142 968 1165 cum
994 1128 1037 1164 Il.
1069 1128 1205 1164 XXII.
1231 1128 1336 1165 302.
1380 1128 1508 1165 Iidem
1539 1141 1818 1179 nonnunquam
1852 1128 1906 1165 ita
1939 1128 2116 1165 homines
2146 1127 2333 1181 adJuvant
2362 1130 2399 1166 in

215 1191 335 1232 rebus
360 1190 552 1246 agendis,
588 1199 631 1232 ut
654 1190 758 1231 nulla
783 1190 933 1230 virtutis
956 1190 1144 1243 propriae
1178 1189 1263 1230 laus
1296 1190 1463 1244 relinqui
1496 1190 1679 1230 videatur
1710 1190 1753 1230 Il.
1779 1191 1851 1230 IX.
1876 1192 1980 1231 460.
2012 1192 2122 1231 VIII.
2148 1192 2251 1232 311.
2286 1193 2400 1232 XXI.

215 1257 321 1295 600.
355 1256 494 1295 XXII.
520 1256 626 1295 240.
662 1255 775 1295 XXI.
800 1255 901 1294 363.
937 1254 1089 1299 Quibus
1112 1253 1244 1308 aliqua
1268 1269 1359 1293 cum
1382 1254 1428 1294 iis
1452 1254 1727 1301 necessitudo,
1761 1254 1807 1294 iis
1831 1252 1958 1309 major
1985 1254 2143 1296 licentia
2166 1255 2402 1297 conceditur

219 1321 262 1360 Il.
286 1321 440 1359 XVIII.
474 1321 580 1359 362.
616 1320 696 1359 Od.
728 1320 799 1358 XI.
833 1320 935 1358 273.
970 1319 1014 1358 Il.
1046 1319 1116 1358 IX.
1150 1320 1262 1358 497:
1304 1324 1498 1371 στρεπιοῐ
1526 1324 1618 1359 θεοὶ
1648 1317 1785 1366 αἰτοῖ,
1828 1322 1986 1370 τῶνπερ
2016 1324 2081 1359 καὶ
2110 1323 2253 1371 μείζων
2284 1318 2402 1373 ἀρετὴ

219 1384 355 1436 τιμήτε
377 1389 509 1436 βίητε,
544 1382 674 1436 major
696 1390 786 1436 post
808 1389 974 1421 mortem
998 1383 1121 1435 ipsam
1146 1381 1305 1422 fortuna
1325 1382 1404 1422 Od.
1422 1383 1490 1422 IV.
1515 1383 1619 1422 561.
1637 1382 1709 1422 XI.
1727 1383 1831 1422 602.
1855 1382 1899 1422 Il.
1923 1383 2015 1423 XX.
2041 1383 2153 1431 232;
2189 1391 2329 1423 contra
2354 1398 2401 1423 ea

217 1446 269 1488 cf.
293 1447 375 1488 Od.
398 1447 473 1487 XI.
498 1448 604 1487 576.
638 1447 820 1486 Pessimo
843 1461 938 1485 sane
960 1446 1210 1485 matrimonio
1234 1461 1325 1485 cum
1347 1447 1507 1485 Junone
1527 1447 1685 1499 Jupiter
1700 1444 1861 1499 junctus
1884 1454 1966 1495 est,
1998 1447 2030 1486 si
2063 1446 2189 1487 Ulixis
2221 1448 2282 1487 vel
2315 1449 2401 1488 He-

220 1513 346 1552 ctoris
370 1511 707 1565 comparabimus,
730 1510 790 1550 vel
813 1525 874 1558 ea,
898 1525 1000 1564 quae
1023 1511 1193 1565 egregie
1217 1510 1269 1550 de
1292 1510 1545 1550 matrimonio
1569 1510 1634 1550 hic
1655 1510 1732 1550 illic
1754 1511 2057 1564 praecipiuntur
2080 1509 2155 1562 (cf.
2174 1525 2262 1565 cap.
2280 1512 2401 1566 XX.)

221 1575 462 1623 Discordia,
489 1574 650 1629 jurgia,
686 1575 815 1621 rixae,
850 1575 899 1613 ab
923 1574 1144 1613 hominibus
1176 1574 1221 1613 Il.
1247 1575 1319 1614 IX.
1345 1571 1405 1615 63
1436 1575 1677 1628 vituperata,
1711 1574 1815 1613 inter
1844 1573 1944 1614 deos
1973 1574 2081 1628 ipsos
2113 1575 2224 1629 quasi
2255 1575 2403 1616 florent

224 1640 268 1680 Il.
293 1640 452 1680 XXIII.
485 1641 590 1679 492.
634 1639 747 1678 XXI.
780 1639 882 1678 439.
925 1639 1074 1678 XVIII.
1113 1641 1213 1678 107.
1257 1639 1457 1688 Homines
1487 1638 1715 1692 pudicitiam
1745 1646 1923 1678 sanctam
1953 1638 2122 1688 habent,
2168 1640 2315 1680 violant
2346 1640 2402 1680 dii

225 1704 268 1744 Il.
300 1704 407 1744 XIV.
441 1705 545 1743 296.
596 1703 652 1742 Et
681 1703 916 1742 matrimonii
955 1703 1204 1742 sanctitatem
1244 1702 1427 1742 laudibus
1468 1703 1640 1742 efferunt
1679 1702 1879 1751 homines,
1920 1702 1974 1742 dii
2003 1710 2273 1744 contemnunt.
2318 1703 2401 1744 Sed

223 1769 388 1822 longum
413 1775 494 1814 est,
528 1766 803 1820 hujuscemodi
828 1767 958 1805 omnia
982 1781 1238 1806 enumerare:
1270 1767 1498 1820 ubicunque
1529 1766 1696 1820 legeris,
1730 1780 1911 1814 errores,
1947 1767 2038 1806 vitia
2070 1768 2249 1821 reperies
2272 1768 2317 1808 Il.
2349 1768 2401 1807 X.

223 1834 329 1871 460.
365 1831 445 1871 Od.
481 1832 597 1870 XIII.
631 1831 735 1869 359.
769 1830 814 1869 ΙΙ.
837 1830 951 1868 XXI.
985 1831 1089 1869 239.
1123 1830 1201 1869 Od.
1224 1831 1270 1869 V.
1300 1832 1401 1870 179.
1435 1831 1545 1869 VIII.
1581 1832 1683 1869 351.
1724 1830 1764 1870 Il.
1796 1831 1870 1870 111.
1895 1832 2000 1871 400.
2035 1832 2101 1871 IV.
2136 1834 2175 1871 7.
2208 1833 2280 1871 51.
2313 1832 2401 1871 VII.

222 1897 294 1937 53.
337 1896 449 1936 VIII.
484 1896 590 1936 429.
615 1895 720 1935 497.
755 1894 800 1934 Il.
823 1894 939 1934 XIII.
964 1894 1067 1934 631.
1102 1895 1208 1935 XIV.
1237 1895 1338 1934 116.
1364 1895 1469 1934 312.
1503 1894 1615 1935 ΧΧΙ.
1641 1895 1743 1935 298.
1776 1896 1821 1934 V.
1846 1896 1918 1935 31.
1952 1896 2038 1935 XV.
2068 1897 2168 1936 128.

1191 2029 1252 2082 C.
1293 2028 1447 2082 XIV.

346 2150 437 2191 Jam
471 2162 593 2203 quum
626 2146 795 2188 deorum
825 2154 1027 2194 naturam,
1071 2147 1194 2201 qualis
1225 2148 1296 2198 sit,
1339 2147 1521 2188 universe
1560 2146 1909 2200 descripserimus,
1950 2148 2176 2201 quaeritur,
2218 2149 2283 2202 qui
2314 2150 2402 2189 fieri

221 2215 421 2270 potuerit,
454 2220 500 2253 ut
521 2213 688 2252 istorum
719 2211 908 2251 fiduciam
930 2218 1132 2258 tenerent,
1166 2211 1452 2266 xirtutemque‚
1485 2225 1586 2266 quae
1609 2226 1695 2251 esse
1718 2212 1803 2252 sine
1826 2226 1874 2253 ea
1905 2211 2010 2253 nulla
2042 2218 2197 2267 potest,
2230 2212 2402 2268 aliquam

221 2281 402 2320 colerent
424 2278 654 2330 cultamque
677 2283 942 2315 sectarentur.
977 2276 1039 2314 Ad
1062 2276 1162 2315 hanc
1185 2284 1318 2315 autem
1343 2277 1613 2329 quaestionem
1636 2277 1965 2330 respondebimus
1997 2277 2110 2316 haec.
2144 2280 2201 2317 Ac
2232 2279 2401 2331 primum

221 2343 380 2400 quidem
403 2343 520 2383 istam
544 2340 856 2395 discrepantiam
880 2346 1029 2380 tantam
1062 2339 1239 2380 homines
1269 2339 1333 2381 illa
1365 2348 1497 2381 aetate
1527 2355 1603 2381 non
1634 2341 1688 2382 ita
1718 2341 2104 2392 animadverterunt,
2136 2349 2179 2383 ut
2209 2357 2302 2392 nos,
2336 2343 2402 2397 qui

221 2417 262 2449 et
277 2408 361 2463 jam
384 2407 535 2448 dudum
560 2407 679 2446 aliam
701 2419 884 2445 normam
908 2405 1014 2444 nacti
1037 2418 1194 2450 sumuS,
1228 2419 1304 2458 qua
1328 2406 1365 2444 in
1391 2406 1563 2444 moribus
1579 2404 1807 2459 judicandis
1829 2407 1978 2447 utimur
2000 2412 2041 2446 et
2063 2406 2145 2447 acri
2165 2406 2401 2460 cogitationi

221 2472 419 2526 subjicere
442 2472 576 2510 omnia
601 2470 904 2510 consuevimus:
938 2475 1059 2522 atque
1082 2468 1121 2507 id
1146 2482 1194 2507 eo
1219 2469 1364 2516 minus,
1388 2482 1505 2522 quum
1528 2469 1695 2509 deorum
1716 2470 1954 2525 religionem
1976 2484 2054 2509 non
2085 2470 2158 2525 ipsi
2181 2470 2255 2511 sibi
2277 2478 2400 2511 totam

219 2537 431 2582 fecissent,
464 2535 536 2576 sed
560 2550 583 2574 a
606 2534 789 2588 patribus
813 2533 1088 2586 accepissent,
1121 2533 1175 2572 ita
1199 2548 1289 2572 cum
1312 2533 1392 2572 suis
1415 2534 1610 2581 moribus,
1643 2535 1851 2582 institutis,
1884 2542 1971 2575 toto
1994 2536 2112 2575 animi
2142 2535 2251 2575 cultu
2282 2543 2402 2590 atque

219 2600 503 2656 cupiditatibus
526 2599 865 2654 conglutinatam,
901 2605 943 2638 ut
965 2596 1091 2637 altera
1114 2604 1255 2637 natura
1278 2604 1395 2637 esset.
1437 2598 1590 2643 Quodsi
1622 2599 1780 2639 omnino
1812 2599 1992 2639 homines
2021 2599 2097 2647 illi,
2138 2597 2191 2638 ad
2220 2600 2403 2653 corporis

219 2674 402 2706 naturam
435 2664 565 2703 omnia
596 2662 841 2711 referentes,
882 2676 1032 2701 meram
1066 2661 1119 2700 ad
1153 2661 1438 2715 cogitationem
1471 2662 1667 2703 tardiores
1706 2661 1841 2710 fuere,
1881 2663 1953 2703 nisi
1995 2678 2043 2704 ea
2079 2661 2185 2703 forte
2216 2678 2401 2704 sensuum

221 2730 389 2782 impulsu
413 2728 681 2775 excitabatur,
715 2726 767 2766 de
790 2726 990 2780 religione
1013 2739 1105 2773 sua,
1140 2725 1289 2778 quippe
1312 2725 1349 2763 in
1373 2740 1449 2779 qua
1472 2725 1642 2780 majores
1666 2727 1976 2782 acquievissent,
2006 2727 2170 2767 multum
2194 2741 2264 2767 eos
2287 2728 2399 2782 cogi-

223 2801 326 2833 tasse
349 2793 412 2833 vix
435 2791 660 2832 credamus.
694 2793 746 2831 At
771 2792 847 2831 vita
871 2791 978 2844 ipsa,
1013 2804 1117 2844 quae
1140 2790 1275 2829 similis
1299 2790 1455 2829 omnino
1488 2798 1648 2832 nostrae
1681 2791 1872 2832 adversas
1903 2806 1968 2832 res
1998 2791 2103 2831 inter
2133 2798 2175 2830 et
2204 2790 2402 2832 secundas

227 2857 449 2905 fluctuavit,
483 2855 635 2895 moneri
669 2861 874 2908 poterant,
909 2861 953 2894 ut
985 2854 1213 2893 accuratius
1246 2852 1298 2893 de
1321 2852 1485 2894 deorum
1517 2862 1657 2895 natura
1690 2862 1942 2910 quaererent.
1985 2854 2070 2895 Sed
2102 2853 2301 2907 homines,
2335 2856 2401 2910 qui

227 2918 311 2958 sola
332 2918 415 2959 fere
437 2928 603 2959 naturae
626 2919 872 2959 institutione
905 2926 946 2959 et
977 2918 1161 2958 doctrina
1193 2924 1375 2967 utuntur,
1407 2919 1432 2957 ii
1461 2919 1630 2959 adversa
1659 2919 1918 2973 secundaque
1947 2918 2034 2958 fere
2064 2918 2256 2970 tolerant,
2290 2935 2339 2959 ac
2367 2921 2400 2959 si
