2578 3373
1270 270 1580 317 28-—

211 395 505 447 amicitiasque‚
536 391 612 431 sed
633 390 737 431 mala
759 390 881 430 etiam
904 389 1080 445 odiaque
1110 391 1280 433 heredes
1311 392 1563 446 acciperent,
1595 404 1648 431 ne
1680 390 1776 446 quid
1808 404 1882 432 suo
1914 398 2062 432 eventu
2092 398 2269 432 careret:
2301 401 2394 447 post

213 467 382 500 mortem
405 458 509 496 enim
531 456 677 494 nemini
699 453 945 493 satisfactum
968 462 1042 495 est.
2162 504 2164 507 ἱ

338 522 522 567 Quorum
542 518 718 573 denique
740 518 846 558 bona
868 518 1001 558 omnia
1023 519 1129 560 intra
1161 520 1288 560 orium
1317 526 1566 574 mortemque
1599 517 1929 570 continebantur,
1962 517 2160 575 siquidem
2189 519 2231 559 in
2260 519 2392 574 peroi-

211 585 366 642 piendis
401 584 670 637 voluptatibus
708 595 905 622 summum
942 583 1091 623 bonum
1136 586 1357 637 ponebant,
1406 597 1476 623 eos
1513 584 1635 623 vitam
1682 583 1842 622 maximi
1879 584 2172 633 aestimavisse,
2220 590 2391 622 mortem

210 649 491 706 perhorruisse
515 652 826 688 consentaneum
858 652 932 687 est.
986 646 1066 688 Od.
1090 648 1165 689 XI.
1195 649 1286 690 488
1319 647 1489 689 Achilles
1511 646 1636 688 Ulixi:
1668 646 1720 699 pm)
1751 644 1796 700 δή
1821 661 1890 699 μοι
1917 646 2149 699 θανατόνγε
2177 645 2392 701 παραύδα·

209 737 274 747 ·-—-
295 715 509 768 βουλοίμην
530 710 562 753 κ’
584 710 808 766 ἐπάρουρος
844 711 924 752 ἐων
952 714 1176 764 θητευέμεν
1207 711 1340 767 ἄλλῳ,
1373 710 1487 767 ἀνδρὶ
1518 709 1614 765 παρ’
1644 708 1823 766 ἀκλήρῳ,
1858 708 1890 767 ᾧ
1918 712 1970 766 μὴ
1998 715 2129 765 βίοτος
2156 712 2282 758 πολὺς
2314 713 2392 765 εἴη,

211 778 235 834 ἢ
256 782 388 820 πᾶσιν
411 776 592 818 νεκύεσσι
614 778 983 828 καταφθιμένοισιν
1005 773 1230 824 ἄνάσσειν;
1264 776 1313 818 cf.
1337 777 1415 817 Od.
1438 777 1531 817 XII.
1556 777 1660 816 341.
1695 775 1833 821 Quare
1855 789 2120 831 quaecunque
2146 776 2211 816 vel
2233 776 2390 830 longin-

211 845 329 899 quius
359 855 449 882 cum
479 842 560 880 vita
590 840 829 889 cohaerent,
871 839 977 878 laeta
1008 846 1100 878 sunt
1129 842 1282 892 omnia,
1311 865 1373 872 —
1403 842 1580 896 ingrata,
1617 840 1830 889 terribilia,
1863 838 2005 891 foeda,
2038 855 2141 894 quae
2174 840 2392 880 admonent

211 908 352 949 mortIs
375 905 453 946 Od.
476 905 550 945 XI.
575 904 654 944 93:
689 905 794 945 οἰκία
825 903 1075 957 σμερδαλέα,
1118 903 1214 945 τάτε
1244 909 1454 957 στυγέουσι
1482 908 1577 947 θεοί
1601 919 1691 957 περ.
1736 903 1781 944 Il.
1813 904 1906 944 XX.
1939 905 2012 945 64.
2045 904 2126 945 Od.
2157 904 2253 944 XII.
2285 904 2390 944 341.

211 971 322 1014 XIV.
359 971 459 1010 156.
508 969 647 1014 Quare
678 974 807 1008 morte
841 974 1096 1021 praematura
1135 967 1306 1009 deorum
1346 969 1491 1010 inimici
1528 980 1806 1023 nonnunquam
1842 981 2000 1022 poenae
2039 968 2131 1009 loco
2163 966 2392 1009 afficiuntur

211 1036 259 1077 Il.
282 1036 327 1076 V.
352 1035 457 1074 407.
490 1033 558 1073 VI.
587 1033 695 1083 130,
729 1039 769 1072 et
791 1032 843 1072 de
864 1039 996 1071 morte
1018 1031 1242 1072 voluntaria
1273 1033 1456 1088 cogitare
1485 1032 1737 1073 infelicissimi
1765 1039 1853 1072 erat
1875 1031 1954 1073 Od.
1976 1033 2029 1072 X.
2053 1032 2159 1072 490.
2189 1033 2295 1073 498.
2335 1032 2392 1071 Et

211 1100 253 1141 hi
275 1098 437 1155 quidem
460 1097 578 1138 animi
601 1110 739 1137 sensus
761 1095 981 1136 secundum
1003 1102 1185 1137 naturam
1207 1103 1317 1146 sunt3
1351 1098 1424 1138 sed
1455 1099 1495 1139 in
1527 1111 1576 1138 eo
1608 1096 1783 1138 cernitur
1810 1097 2033 1137 humanitas
2061 1096 2239 1137 moribus
2270 1095 2390 1146 culta,
2442 1094 2450 1103 ’

212 1163 323 1221 quod
346 1177 424 1204 non
448 1176 522 1217 per
543 1176 588 1202 se
613 1162 729 1202 vitam
752 1161 982 1211 aestimant,
1015 1160 1087 1201 sed
1111 1174 1218 1211 eam,
1253 1176 1356 1216 quae
1378 1163 1472 1217 ipsis
1496 1162 1654 1218 quidem
1676 1162 1843 1202 honesta
1864 1175 1955 1202 esse
1976 1161 2181 1212 videatur,
2217 1167 2257 1201 et
2280 1159 2389 1215 quod

212 1236 385 1270 mortem
424 1229 632 1266 honestam
669 1226 776 1278 turpi
816 1226 919 1265 vitae
958 1226 1095 1279 utique
1135 1224 1381 1278 praeferunt.
1436 1228 1525 1267 Nec
1552 1241 1694 1267 servae
1729 1227 1769 1266 in
1798 1226 1924 1267 Ulixis
1964 1226 2085 1266 domo
2116 1240 2228 1265 mera
2257 1232 2388 1265 morte

214 1292 462 1341 afficiuntur,
495 1290 567 1331 sed
590 1304 748 1344 poenae
771 1290 969 1330 acerbitas
992 1290 1030 1329 in
1055 1303 1103 1330 eo
1128 1296 1209 1340 est,
1244 1290 1353 1343 quod
1376 1290 1584 1331 inhoneste
1606 1297 1809 1332 necantur.
1843 1290 1979 1336 Quare
2007 1291 2063 1331 ita
2083 1296 2237 1330 tantum
2270 1302 2389 1344 quam

213 1357 487 1412 longissimam
509 1356 629 1395 vitam
653 1355 844 1409 optabant
865 1353 931 1393 illo
953 1361 1156 1408 tempore,
1191 1360 1234 1394 ut
1256 1355 1438 1395 omnibus
1461 1356 1601 1406 rebus,
1634 1369 1730 1410 quas
1753 1355 1888 1410 magni
1909 1352 2109 1405 facerent,
2143 1354 2223 1404 usi,
2256 1354 2390 1408 quieta

214 1428 423 1462 senectute
446 1427 651 1473 postremo
684 1419 978 1457 conficerentur
1008 1418 1087 1458 Od.
1118 1418 1191 1457 xl.
1221 1419 1322 1457 136.
1363 1420 1479 1459 XIII.
1514 1421 1585 1459 59.
1635 1420 1775 1459 Emori
1807 1418 1982 1458 nondum
2013 1419 2148 1458 adulta
2178 1426 2311 1458 aetate
2341 1431 2389 1456 ac

215 1486 465 1541 potissimum
486 1483 662 1523 nondum
685 1482 830 1536 adepta
853 1483 1005 1536 gloria,
1039 1496 1117 1536 qua
1148 1481 1298 1534 optime
1326 1490 1536 1536 parentum
1566 1483 1628 1523 vel
1659 1482 1919 1523 educatorum
1948 1483 2200 1537 compensari
2230 1482 2389 1523 labores

218 1549 533 1599 arbitrabantur,
567 1547 629 1588 vel
651 1545 774 1594 fame.
807 1546 869 1587 vel
902 1561 997 1587 casu
1027 1546 1235 1587 inhonesto
1268 1545 1366 1597 alio,
1399 1547 1516 1589 valde
1546 1547 1768 1589 luctuosum
1799 1553 1897 1588 erat.
1937 1547 1982 1588 Il.
2012 1547 2126 1588 XXI.
2158 1547 2249 1588 279
2279 1548 2389 1602 Aga-

218 1628 398 1655 memno:
433 1617 503 1653 νῧν
527 1635 584 1641 —
608 1627 658 1664 με
680 1613 873 1665 λευγαλέῳ
898 1610 1067 1665 θανάτῳ
1090 1613 1254 1664 εἵμαρτο
1278 1609 1457 1660 ἁλῶναι,
1491 1610 1671 1665 ἐρχθέντ’
1702 1613 1748 1652 ἐν
1775 1610 1930 1665 μεγάλῳ
1960 1615 2154 1665 ποταμῷ,
2188 1610 2240 1657 ὡς
2262 1611 2391 1651 παῖδα

220 1679 451 1731 συφορβόν,
486 1677 531 1717 ὅν
561 1677 613 1729 ῥα
643 1674 676 1715 τ’
707 1676 868 1721 ἔναυλος
896 1674 1078 1734 ἀποέρσῃ
1099 1679 1262 1726 χειμῶνι
1284 1679 1474 1729 περῶντα
1504 1677 1550 1716 ΙΙ.
1574 1676 1703 1716 XVII.
1727 1676 1841 1716 3012
1873 1674 1963 1716 οὐδὲ
1994 1680 2178 1716 τοκεῦσιν
2207 1679 2392 1728 θρέπτρα

221 1744 353 1798 φίλοις
374 1739 579 1784 ἀπέδωκεν
600 1740 867 1796 Hippothous.

1169 1862 1231 1915 C.
1267 1863 1447 1915 XXII.

353 1995 484 2034 Recte
506 1994 629 2048 igitur
651 1993 881 2033 describere
904 1992 1102 2032 hominum
1124 1994 1438 2033 Homericorum
1460 1993 1580 2032 vitam
1603 1999 1645 2033 et
1663 2006 1797 2033 mores
1821 1993 1853 2032 si
1875 1993 2110 2048 contigerit,
2133 1993 2173 2032 in
2196 2007 2246 2033 eo
2269 1993 2392 2046 potis—

225 2050 619 2108 simum'versantur,
652 2057 760 2111 quod
783 2058 831 2096 ab
855 2058 983 2096 animo
1008 2071 1151 2111 corpus
1173 2073 1252 2097 non
1276 2065 1338 2098 est
1358 2064 1642 2112 segregatum,
1675 2057 1748 2097 sed
1770 2065 1813 2097 ut
1834 2058 1873 2097 in
1895 2065 2035 2097 natura
2066 2058 2151 2111 ipsa
2182 2064 2394 2112 utrumque

224 2124 312 2165 fere
343 2122 457 2163 simul
496 2130 558 2162 est
588 2128 708 2175 atque
748 2135 845 2172 una,
890 2122 1070 2175 quoniam
1104 2121 1186 2175 ejus
1225 2123 1330 2162 vires
1367 2121 1587 2176 quaedam,
1621 2135 1723 2175 quae
1754 2135 1888 2162 rerum
1926 2122 2165 2162 mutationes
2202 2120 2393 2171 efficiunt,

224 2188 373 2229 similes
396 2187 515 2225 animi
548 2186 708 2223 humani
740 2200 828 2224 esse
860 2185 1059 2235 videntur,
1092 2187 1148 2224 sic
1177 2187 1215 2225 in
1246 2186 1321 2224 illis
1349 2200 1550 2240 nunquam
1580 2185 1813 2225 secernitur.
1860 2186 1968 2225 Hinc
2001 2186 2171 2240 primum
2199 2186 2289 2225 fieri
2314 2200 2392 2225 non

224 2253 378 2308 potuit,
413 2252 506 2306 quin
540 2250 659 2290 animi
691 2249 962 2290 immortalitas
991 2250 1205 2292 tolleretur.
1262 2251 1396 2297 Quum
1429 2251 1534 2292 enim
1565 2264 1711 2304 corpus
1741 2250 1820 2291 suis
1850 2250 1975 2292 oculis
2003 2251 2167 2292 interire
2200 2250 2394 2298 viderent.

225 2324 338 2361 certe
361 2331 442 2358 non
466 2330 557 2358 eam
577 2314 754 2356 retinere
776 2314 970 2369 speciem,
994 2329 1092 2370 quae
1116 2322 1175 2357 est
1196 2315 1417 2358 viventibus
1440 2314 1684 2366 hominibus,
1709 2328 1784 2357 nec
1806 2314 1936 2357 animo
1959 2314 2258 2370 receptaculum
2280 2327 2393 2358 suum

226 2383 434 2437 assignare
464 2386 665 2435 poterant.
721 2379 818 2417 Sine
849 2393 897 2417 eo
929 2387 1059 2419 autem
1088 2380 1260 2434 quodam
1291 2393 1594 2434 permansurum
1625 2394 1714 2419 esse
1743 2380 1980 2434 quidquam,
2012 2394 2093 2419 non
2123 2380 2392 2420 crediderunt.

224 2449 277 2487 At
314 2454 447 2486 tamen
487 2444 609 2484 talem
647 2443 765 2482 animi
797 2449 974 2482 naturam
1012 2452 1304 2498 cognoverant,
1343 2452 1388 2484 ut
1425 2451 1519 2498 post
1555 2443 1773 2484 discessum
1813 2459 1978 2498 prorsus
2018 2459 2107 2484 esse
2144 2444 2394 2485 interiturum

222 2510 460 2567 persuaderi
482 2523 563 2549 non
585 2514 763 2563 possent.
795 2507 936 2562 Itaque
958 2508 1284 2550 immortalitatem
1315 2510 1419 2550 inter
1441 2508 1722 2564 interitumque
1752 2509 1951 2565 ambigui,
1985 2524 2075 2550 eam
2104 2516 2197 2564 post
2222 2515 2392 2550 mortem

223 2575 496 2616 conditionem
518 2573 743 2612 hominibus
765 2570 935 2610 futuram
960 2586 1047 2611 esse
1070 2574 1214 2625 opinati
1236 2580 1345 2622 sunt,
1379 2587 1505 2627 quae,
1538 2573 1643 2613 inter
1662 2580 1874 2627 utrumque
1896 2573 1990 2613 illud
2021 2573 2175 2622 media,
2208 2586 2284 2612 nec
2313 2573 2392 2612 vita

223 2656 300 2680 nec
322 2639 504 2679 interitus
526 2652 622 2678 vere
649 2635 845 2677 nominari
867 2643 1003 2688 posset
1025 2636 1101 2677 Od.
1124 2638 1195 2678 XI.
1221 2639 1323 2679 207.
1349 2638 1439 2679 393
1473 2636 1622 2679 νεκύων
1651 2635 1829 2691 ἀμενηνὰ
1858 2635 2023 2691 κάρηνα.
2057 2636 2137 2679 Od.
2160 2636 2212 2678 X.
2237 2637 2323 2678 521
2351 2646 2393 2678 et

222 2708 356 2757 νεκροὶ
378 2700 596 2756 ἀφραδέες,
629 2703 786 2755 βροτῶν
808 2699 952 2741 εἴδωλα
972 2698 1189 2751 καμόντων.
1222 2701 1342 2756 Atqui
1364 2716 1416 2743 ne
1437 2700 1541 2743 hanc
1572 2700 1731 2756 quidem
1761 2700 2032 2744 conditionem
2060 2700 2175 2743 aliter
2204 2707 2394 2744 nacturos

223 2781 313 2810 esse
336 2773 537 2819 mortuos,
571 2779 618 2806 ac
641 2766 674 2807 si
697 2765 860 2805 humato
884 2776 1056 2819 corpore
1078 2764 1138 2806 vel
1161 2764 1244 2822 ejus
1274 2765 1448 2822 reliquiis
1480 2778 1626 2807 novum
1655 2780 1802 2823 corpus
1832 2767 1945 2823 quasi
1977 2764 2176 2808 condendi
2205 2766 2393 2807 materies

222 2839 350 2882 esset,
384 2845 487 2886 quae
516 2832 549 2869 si
579 2844 675 2869 casu
705 2831 838 2883 aliquo
874 2830 1018 2866 amissa
1049 2838 1152 2878 erat,
1185 2845 1260 2869 nec
1289 2831 1396 2869 humi
1433 2838 1619 2883 recepta,
1650 2833 1874 2870 tristissima
1906 2833 2087 2870 interitus
2118 2830 2277 2870 fortuna
2307 2832 2391 2868 visa

219 2904 283 2938 est
303 2896 479 2952 grassari
501 2896 547 2936 Il.
570 2895 727 2936 XXIII.
763 2895 833 2934 71.
868 2891 947 2934 Od.
971 2892 1043 2933 XI.
1069 2894 1138 2934 52.
1163 2895 1265 2936 476.
1300 2895 1388 2935 'Pali
1421 2894 1568 2936 deinde
1599 2894 1772 2950 quodam
1802 2894 2108 2937 immortalitatis
2131 2892 2246 2949 jure,
2280 2893 2387 2949 quod
