2578 3373
1274 256 1334 303 10
1399 287 1584 293 ——————

204 381 448 435 aequitatem
472 393 573 418 esse.
607 376 671 419 Cf.
694 386 904 432 praeterea
934 375 978 416 Il.
1011 374 1084 416 IX.
1119 375 1191 416 39.
1225 375 1379 417 XVIII.
1415 378 1516 418 104.
1547 376 1660 417 XIX.
1694 376 1798 417 219.
1830 375 1899 418 VI.
1936 377 2041 418 349.
2073 376 2104 418 Ι.
2137 378 2242 419 352.
2276 380 2394 422 Haec

206 451 341 485 autem
363 442 544 497 aequitas
566 442 797 492 tolleretur,
830 441 861 480 si
884 439 1108 479 hominibus
1131 439 1271 479 liceret
1294 454 1366 480 eos
1390 440 1533 495 egredi
1557 441 1668 492 fines,
1702 440 1843 495 quibus
1865 440 2037 481 humana
2058 447 2200 482 natura
2224 441 2393 483 circum-

207 509 356 562 scripta
379 513 451 545 est.
485 505 535 544 Id
558 506 731 559 primum
754 504 916 553 accidit,
951 503 1016 542 ubi
1040 516 1131 542 cum
1163 502 1239 542 diis
1261 504 1454 544 mortales
1478 505 1608 559 aliqua
1637 505 1676 544 in
1706 518 1752 544 re
1782 510 1986 545 certamen
2017 505 2174 556 ineunt,
2207 504 2393 560 quoniam

207 574 268 613 his
290 569 502 612 inferiores
525 583 617 610 esse
639 583 800 624 semper
821 569 979 608 debent.
1012 567 1057 608 Il.
1081 567 1149 607 VI.
1177 567 1289 608 1302
1320 566 1413 609 οὐδὲ
1435 570 1623 623 κρατερὸς
1644 567 1867 623 Λυκόοργος
1887 569 1960 623 ὄῆν
1980 566 2051 622 ἦν,
2085 569 2127 616 ὃς
2142 569 2212 622 ιραι
2233 574 2396 612 θεοῖσιν

208 638 517 689 ἐπουρανίοισιν
539 634 678 688 ἔριζεν.
715 651 749 675 ν.
778 634 883 674 1413
917 629 1001 673 οὔδ’
1023 629 1077 672 ἂν
1097 629 1323 686 μακάρεσσι
1353 636 1467 679 θεοῖς
1488 634 1669 686 ἐθέλοιμι
1696 631 1915 686 μάχεσθαι.
1958 630 2021 675 Cf.
2044 633 2090 674 Il.
2113 634 2263 676 XXIV.
2288 635 2393 676 606.

211 700 289 740 Od.
318 700 367 739 V.
407 701 512 738 212.
546 699 659 738 VIII.
694 700 797 739 325.
831 697 897 736 IV.
924 697 994 736 78.
1027 695 1209 745 Deinde,
1243 696 1276 735 si
1306 697 1374 749 qui
1404 696 1574 737 deorum
1606 698 1802 737 beneficio
1834 699 1963 738 ornati
1995 698 2144 738 laetitia
2176 699 2395 747 exsultant;

211 764 324 819 quasi
354 777 455 804 vero
486 762 603 803 nimis
635 763 728 803 laeti
759 762 838 802 suis
868 758 1018 801 meritis
1049 758 1222 809 addant,
1257 758 1366 814 quod
1400 760 1570 803 deorum
1600 761 1810 803 detrahant
1842 776 1973 816 eoque
2004 761 2215 803 humanam
2245 771 2395 804 sortem

210 841 407 882 superare
430 833 640 867 conentur.
675 826 753 866 Od.
775 825 908 866 XXII.
932 825 1045 863 411:
1078 824 1124 864 ἐν
1145 827 1286 877 θυμῷ,
1321 828 1441 877 γρηῦ,
1475 832 1591 879 χαῖρε
1612 831 1677 866 καῖ
1699 828 1834 876 ἴσχεο,
1868 825 1958 880 μηδ’
1981 824 2162 875 ὀλόλυζε·
2197 826 2269 876 οὔχ
2289 826 2394 881 ὁσίη,

210 895 473 943 κταμένοισιν
503 889 567 930 ἐπ’
598 888 796 944 ἄνδράσιν
825 886 1108 938 εὖχετάασθαι.
1175 886 1311 933 τούςδε
1343 888 1385 927 δὲ
1416 887 1521 942 μοῖρ’
1552 889 1758 941 ἐδάμασσε
1795 894 1906 931 θεῶν
1941 896 2016 930 cet.
2060 897 2102 930 et
2132 890 2211 930 Od.
2242 891 2394 931 XVIII.

215 953 330 997 142:
364 953 450 995 ἀλλ’
483 954 551 1005 ὅγε
582 958 672 1013 σιγῇ
703 955 810 1007 δῶρα
843 956 950 993 θεῶν
980 952 1085 1001 ἔχοι,
1118 950 1203 992 ὅττι
1226 951 1388 992 διδοῖεν.
1425 953 1533 993 Tum
1555 954 1588 993 si
1611 954 1679 1008 qui
1700 954 1781 994 suis
1803 954 1950 994 viribus
1972 953 2033 994 vel
2057 953 2227 994 deorum
2250 955 2394 996 auxilio

211 1020 304 1059 freti
328 1019 380 1058 ad
403 1026 576 1071 peccata
599 1019 845 1070 abripiuntur
866 1016 943 1055 Od.
967 1016 1074 1055 XIV.
1108 1016 1212 1056 268.
1235 1016 1387 1055 XVIII.
1422 1017 1524 1057 130.
1560 1019 1697 1062 Quare
1728 1019 1759 1056 si
1789 1016 1894 1057 forte
1925 1020 1963 1057 in
1994 1032 2044 1057 eo
2074 1027 2163 1058 sunt
2192 1020 2395 1066 mortales,

212 1091 257 1124 ut
284 1082 448 1123 nimiam
481 1081 754 1136 adipiscantur
786 1078 1003 1127 fortunam,
1046 1077 1100 1119 dii
1132 1084 1295 1129 cavent,
1329 1093 1381 1119 ne
1410 1078 1452 1120 id
1483 1080 1555 1121 fiat
1586 1080 1665 1122 0d.
1697 1081 1764 1122 IV.
1801 1081 1902 1123 181.
1932 1081 2087 1123 XXIII.
2128 1083 2231 1123 210.
2281 1082 2394 1123 Idem

213 1147 390 1202 denique
413 1152 605 1201 peccant,
640 1146 706 1201 qui
729 1146 766 1184 in
790 1146 905 1184 rebus
928 1142 1096 1198 agendis
1118 1143 1261 1182 nullius
1284 1143 1453 1182 hominis
1478 1145 1674 1184 rationem
1696 1145 1854 1185 habent.
1890 1145 1993 1185 Nam
2025 1152 2066 1185 et
2087 1145 2149 1198 hi,
2183 1160 2253 1186 sua
2284 1154 2394 1187 sorte

213 1226 295 1251 non
319 1212 521 1259 contenti,
538 1210 650 1263 justo
674 1210 823 1262 majora
846 1210 1037 1248 affectare
1060 1209 1256 1248 videntur.
1292 1208 1370 1247 od.
1395 1209 1555 1249 XXIII.
1581 1211 1654 1249 65.
1678 1211 1812 1249 XXII.
1837 1212 1950 1249 414:
1981 1209 2119 1250 οἷὲτινα
2142 1213 2214 1264 γὰρ
2237 1216 2395 1251 τίεσκον

214 1278 468 1327 ἐπιχθονίων
491 1272 749 1327 ἀνθρώπων,
783 1271 826 1316 οὗ
848 1273 966 1314 κακὸν
988 1269 1079 1314 οὐδὲ
1101 1277 1177 1325 μὲν
1198 1270 1365 1314 ἐσθλόν.
1400 1272 1447 1313 In
1471 1272 1547 1314 hac
1570 1273 1695 1328 igitur
1717 1274 1918 1328 aequitate
1940 1272 2174 1328 imperfecta
2198 1275 2393 1329 quaedam

208 1340 389 1395 justitiae
413 1339 572 1379 divinae
595 1338 707 1379 notio
731 1338 851 1378 latere
876 1336 1049 1388 videtur,
1083 1350 1180 1392 qua,
1215 1350 1335 1392 quum
1358 1335 1399 1376 id
1422 1343 1575 1378 tantum
1593 1336 1864 1392 judicaretur,
1898 1337 2006 1393 quod
2037 1338 2077 1378 in
2110 1339 2230 1379 rebus
2261 1346 2393 1380 exter·

216 1420 308 1445 num
341 1411 450 1454 erat,
483 1417 582 1458 prae
614 1404 759 1443 ceteris
790 1409 1042 1457 prospectum
1073 1408 1153 1448 est,
1197 1409 1238 1441 ut
1269 1401 1425 1454 quidvis
1456 1403 1605 1456 ubique
1639 1403 1800 1457 integro
1831 1409 1935 1443 statu
1975 1417 2047 1442 suo
2086 1410 2125 1443 et
2165 1404 2394 1443 conditione

216 1476 483 1523 permaneret.

1202 1587 1265 1640 G.
1302 1587 1400 1639 xl.

347 1719 430 1761 Sed
455 1733 545 1760 cum
567 1719 671 1759 Jove
694 1731 773 1758 non
796 1718 953 1759 evanuit
974 1716 1128 1758 Fatum.
1164 1717 1354 1764 Quamvis
1377 1717 1482 1758 enim
1506 1717 1713 1758 humanius
1737 1718 1842 1759 Fato
1866 1731 2009 1759 numen
2038 1718 2216 1760 homines
2239 1720 2391 1760 Home-

220 1787 291 1824 rici
315 1796 569 1839 cognoscere
603 1782 854 1826 didicissent.
887 1782 987 1820 illius
1010 1788 1138 1820 tamen
1160 1783 1340 1835 potentia
1362 1783 1512 1821 intacta
1534 1783 1763 1836 permansit.
1796 1783 1993 1821 Nimirum
2017 1783 2126 1837 quod
2156 1784 2259 1822 inter
2286 1785 2393 1838 ipsos

217 1865 267 1889 ac
289 1850 439 1889 Fatum
463 1848 517 1887 dii
541 1849 779 1894 intererant,
813 1861 862 1886 eo
886 1845 999 1899 hujus
1022 1847 1257 1886 auctoritate
1280 1854 1321 1886 et
1342 1847 1487 1886 timore
1509 1861 1589 1886 non
1612 1854 1693 1886 tam
1717 1847 1892 1896 liberati,
1927 1861 2043 1900 quam
2074 1848 2191 1887 levati
2221 1846 2392 1888 fuerunt.

220 1913 339 1969 Atqui
361 1912 441 1954 hoc
463 1911 593 1967 ipsum
615 1909 830 1951 inevitabili
851 1909 1087 1951 necessitate
1103 1908 1167 1965 jus
1190 1910 1262 1951 sibi
1287 1908 1520 1961 vindicavit,
1544 1909 1655 1966 quod
1678 1909 1753 1952 diis
1776 1909 2007 1952 laetioribus
2030 1910 2133 1952 ultro
2155 1910 2204 1952 ab
2228 1910 2391 1953 homini-

219 1981 291 2017 bus
315 1976 618 2033 quodammodo
643 1975 819 2012 oblatum
842 1982 913 2012 est.
949 1976 1076 2018 Quam
1098 1976 1147 2012 ob
1170 1988 1254 2013 rem
1276 1975 1357 2013 duo
1381 1975 1495 2013 simul
1517 1976 1677 2013 numina
1701 1988 1870 2031 regnum
1901 1975 2048 2014 habent
2078 1976 2238 2030 aliquod
2267 1990 2391 2015 suum.

218 2043 393 2095 Propius
423 2042 537 2080 Jovis
571 2048 633 2079 est
666 2054 756 2078 cum
799 2039 943 2077 ceteris
975 2039 1067 2085 diis;
1106 2040 1142 2077 hi
1178 2040 1215 2078 in
1246 2040 1472 2078 mortalium
1516 2053 1588 2078 ore
1630 2038 1832 2088 feruntur,
1873 2040 2014 2078 horum
2054 2040 2233 2093 agilitate
2273 2050 2392 2094 atque

217 2107 430 2147 velocitate
454 2105 491 2145 in
513 2104 634 2145 rebus
652 2102 831 2143 humanis
849 2110 1105 2156 peraguntur,
1128 2117 1230 2157 quae
1245 2104 1337 2144 Fati
1356 2103 1544 2157 gravitati
1564 2110 1604 2144 et
1621 2102 1799 2144 tarditati
1817 2102 2046 2145 molestiora
2066 2118 2155 2144 esse
2171 2104 2390 2145 videantur.

215 2171 301 2212 Diis
332 2177 468 2211 autem
499 2169 684 2223 interque
715 2166 789 2207 hos
819 2166 910 2207 Jovi
940 2167 1125 2217 maxime,
1166 2182 1284 2222 quum
1314 2166 1418 2209 ultro
1456 2166 1755 2223 quodammodo
1786 2182 1976 2208 summam
2007 2182 2140 2209 rerum
2169 2159 2391 2215 tribuerint,

216 2237 306 2276 Fati
323 2234 472 2290 jugum
495 2233 645 2287 imponi
677 2231 908 2271 noluerunt:
943 2244 1064 2285 quare
1097 2232 1239 2272 Fatum
1271 2246 1360 2272 cum
1392 2233 1472 2272 suis
1503 2232 1684 2287 partibus
1716 2231 1779 2272 vel
1805 2233 1916 2273 Jovis
1949 2246 2037 2272 esse
2070 2232 2215 2273 dicitur
2242 2233 2320 2274 Od.
2345 2234 2390 2271 V.

220 2303 319 2341 115.
343 2301 417 2340 IX.
444 2301 517 2339 52.
542 2298 587 2338 ΙΙ.
612 2297 743 2337 XVII.
768 2297 883 2343 321,
918 2296 979 2335 vel
1002 2295 1165 2336 deorum
1189 2299 1345 2337 omnino
1381 2298 1460 2337 Od.
1494 2298 1567 2337 XI.
1601 2299 1705 2337 292.
1736 2298 1810 2337 III.
1846 2298 1948 2337 269.
1982 2298 2049 2337 Dii
2083 2298 2220 2344 etiam,
2254 2312 2390 2352 quam-

216 2379 333 2420 quam
364 2364 511 2418 cuique
541 2360 771 2401 mortalium
803 2374 874 2398 sua
906 2359 1042 2398 mortis
1073 2360 1169 2400 hora
1200 2360 1394 2402 destinata
1434 2369 1514 2411 est,
1556 2368 1735 2416 tempus,
1777 2375 1855 2416 quo
1885 2362 2062 2412 eveniat,
2103 2362 2152 2401 ad
2185 2352 2390 2402 arbitrium

216 2429 398 2485 deligere
421 2433 590 2482 possunt
613 2424 693 2465 Od.
716 2425 784 2464 IV.
812 2425 835 2462 7
844 2424 927 2463 53:
957 2422 1145 2477 Ἀθηναίη
1176 2429 1242 2465 κέν
1272 2442 1340 2477 μιν
1362 2426 1503 2466 ἔπειτα
1533 2431 1599 2465 καὶ
1631 2426 1674 2466 ἐκ
1703 2417 1913 2467 θανάτοιο
1933 2424 2098 2466 σαώσει.
2133 2426 2178 2466 Il.
2210 2426 2276 2465 IV.
2314 2426 2390 2464 ll:

218 2497 284 2546 Τῷ
307 2492 344 2533 δ’
367 2491 463 2533 αὖτε
485 2491 718 2543 φιλομειδὴς
736 2488 952 2541 Ἀφροδίτη
976 2486 1038 2528 dez
1067 2492 1347 2540 παρμέμβλωκε
1379 2496 1444 2530 καὶ
1474 2489 1598 2531 affro&
1620 2494 1738 2542 κ’ῆρας
1759 2488 1912 2541 ἆμύνει.
1954 2491 2100 2530 Verum
2124 2491 2296 2543 denique
2319 2498 2391 2535 est,

216 2557 331 2598 valde
363 2570 515 2611 paucos
548 2553 718 2609 reperiri
751 2552 886 2600 locos,
928 2550 1070 2605 quibus
1104 2551 1177 2591 ulla
1208 2553 1299 2593 Fati
1336 2554 1553 2595 auctoritas
1592 2553 1844 2608 praevaleat,
1884 2554 2275 2609 attamen'regimen
2306 2552 2390 2608 ejus

216 2629 344 2661 totum
367 2634 490 2674 penes
512 2620 655 2658 Jovem
679 2632 789 2667 esse,
813 2614 1072 2668 mihiquidem
1094 2615 1395 2670 haudquaquam
1417 2620 1471 2657 ita
1495 2625 1650 2657 certum
1673 2632 1761 2657 esse
1784 2618 1952 2657 videtur.
1985 2619 2090 2658 Nam
2112 2617 2389 2657 nonnullorum

218 2686 420 2733 locorum,
454 2684 594 2737 quibus
618 2683 711 2722 Fati
733 2679 916 2734 potentia
939 2678 1189 2731 exprimitur,
1224 2695 1271 2719 ea
1294 2682 1393 2721 ratio
1417 2690 1498 2732 est,
1533 2688 1576 2721 ut
1598 2682 1830 2736 incorrupte
1852 2682 2093 2736 integreque
2119 2679 2390 2733 judicantibus

220 2748 415 2803 quendam
449 2745 533 2802 ejus
572 2746 838 2801 principatum
878 2742 1117 2798 significent.
1169 2743 1245 2785 Od.
1275 2744 1349 2786 ΙΙΙ.
1383 2746 1492 2788 2363
1528 2743 1631 2787 Ἀλλ’
1662 2744 1684 2800 ἤ
1705 2762 1767 2788 τοι
1795 2744 1983 2789 θάνατον
2010 2750 2085 2799 μὲν
2114 2742 2270 2797 ὁμοίϊον
2299 2744 2388 2788 οὐδὲ

220 2818 386 2867 θεοίπερ
408 2818 473 2852 καὶ
503 2813 608 2866 φίλῳ
649 2809 765 2863 ἆνδρῐ
805 2808 1000 2849 δύνανται
1031 2805 1250 2859 ἀλαλκέμεν
1257 2839 1270 2857 ,
1313 2807 1467 2852 ὁππότε
1497 2814 1565 2852 κέν
1596 2811 1642 2866 δὴ
1672 2809 1775 2866 μοῖρ’
1808 2809 1902 2866 ὀλοὴ
1933 2811 2128 2867 καθέλῃσι
2158 2812 2390 2865 τανηλεγέος

221 2878 432 2918 θανάτοιο.
468 2878 512 2917 Il.
538 2877 622 2917 XV.
651 2876 761 2916 191:
791 2873 1029 2928 Ἂργαλὲον,
1053 2871 1197 2912 πίτνων
1218 2872 1447 2927 ἀνθρώπων
1468 2875 1638 2930 ιρῦσθοει
1660 2875 1797 2929 γενεήν
1824 2892 1867 2916 τε
1889 2875 2008 2917 τόκον
2029 2890 2095 2922 τε,
2129 2876 2269 2928 quibus
2291 2876 2389 2916 locis

224 2942 399 2982 Minerva
416 2943 501 2995 ipsa
519 2941 686 2996 loquens
702 2938 982 2981 introducitur.
1017 2936 1123 2983 Quin
1142 2936 1218 2978 loci
1236 2937 1287 2977 illi
1304 2939 1499 2992 permulti,
1523 2941 1665 2995 quibus
1690 2942 1830 2991 Μοῖρα
1852 2947 1893 2981 et
1916 2941 2025 2980 Αἶσα
2047 2951 2120 2992 pro
2143 2939 2388 2994 appellativis
